3054 4846
724 257 767 320 29

304 437 431 516 Deficit,
455 439 540 504 abde
563 439 667 518 domo,
690 461 751 506 nec
772 440 861 524 turpi
882 439 1161 520 neocesareae

303 540 457 624 Frigidus
477 541 513 604 ire
543 541 693 606 Venerem
715 543 820 608 senior
842 541 1029 624 frustraque
1050 539 1195 607 laborem

249 693 253 700 .
304 643 470 725 Ingratum
493 643 604 721 trahit,
627 647 709 710 etsi
730 643 857 730 quando
880 642 924 707 cd
942 643 1069 727 proelia
1090 645 1256 708 ceutum'st

303 745 350 810 Ut
371 745 535 828 quondam
557 747 590 810 in
613 746 740 829 stipulis
762 765 897 830 magnus
919 747 987 810 sine
1010 746 1131 811 viribus
1154 746 1238 827 ignis

303 846 469 911 Incassum
487 846 582 928 furit.

143 956 184 1014 et
205 948 274 1015 Iuv.
297 956 357 1015 sat.
381 949 412 1014 X
434 973 461 1014 v.
481 948 543 1016 190
556 971 643 1032 sqq.:

303 1051 366 1118 Sed
388 1073 487 1137 quam
509 1054 668 1119 mutinuis
690 1059 723 1119 et
744 1057 876 1136 quantis
897 1056 995 1138 longa
1014 1059 1155 1118 senectus

304 1153 529 1220 Pleromatis.

144 1278 178 1320 v.
201 1257 280 1321 2042
304 1268 377 1322 nam'
399 1259 498 1322 coitus
519 1258 584 1322 iam
606 1258 705 1342 longa
727 1256 846 1323 oblivio
867 1258 966 1324 velsr'

143 1381 178 1424 v.
200 1359 278 1426 205:
302 1359 440 1439 Cereris
463 1362 550 1426 iacet
571 1363 706 1446 exiguus
729 1380 801 1426 cum
823 1363 943 1427 ramice
959 1382 1072 1426 nereus

144 1483 178 1526 v.
199 1462 280 1526 207:
303 1464 394 1528 Anne
416 1462 541 1545 aliquid
562 1484 690 1547 spuere
708 1470 809 1548 potest
831 1464 913 1529 haec
934 1464 1073 1547 inguinis
1093 1466 1183 1550 aegri

145 1586 179 1629 v.
202 1564 282 1629 208:
304 1565 452 1632 Canities.

236 1667 325 1746 Quae
360 1671 478 1734 acerba
510 1668 684 1752 descriptio
719 1668 894 1734 senectutis
929 1669 1086 1734 malorum
1122 1670 1328 1734 continuatur

144 1769 220 1834 Ius.
243 1777 303 1836 sat.
326 1771 357 1836 X
379 1794 406 1836 v.
422 1771 484 1838 217
502 1792 589 1855 sqq.:

302 1870 475 1940 Praeterea
497 1875 647 1940 minimus
667 1871 769 1956 gelido
790 1873 856 1938 ism
878 1893 1007 1956 corpore
1028 1875 1158 1958 sanquis

302 1975 405 2042 Febre
429 1975 514 2040 calet
535 1974 619 2041 sola:
641 1974 829 2039 circumsilit
851 1977 978 2059 agmine
1000 1976 1088 2042 facto

302 2071 487 2142 Morborum
508 2098 598 2142 omne
618 2097 718 2162 qenes

145 2197 214 2260 quo
243 2177 314 2243 loco
342 2181 515 2246 satirarum
546 2181 736 2262 scriptorem
767 2181 808 2245 de
841 2180 981 2246 carmine
1004 2179 1137 2262 Vergilii
1159 2178 1326 2243 notissimo

146 2281 308 2363 cogitasse
331 2303 395 2347 nou
418 2303 549 2366 prorsus
570 2281 776 2348 infitiandum
799 2288 857 2348 est
901 2281 963 2360 Qui
991 2282 1126 2347 eandem
1153 2282 1324 2364 imaginem

147 2384 229 2450 Asu.
252 2383 279 2448 V
301 2406 329 2451 v.
345 2384 418 2464 395,
443 2387 508 2452 396
529 2385 687 2452 illustrat:

298 2486 356 2552 ssd
378 2489 462 2554 enim
481 2487 605 2572 gelidus
627 2489 780 2554 tardante
802 2492 934 2553 senecta

300 2590 430 2672 surgetis
450 2589 555 2668 hebet,
576 2589 760 2673 frigentque
783 2588 890 2671 effetae
912 2588 945 2653 in
967 2607 1095 2672 corpore
1118 2589 1210 2652 eires.

235 2689 438 2759 Praeclaram
473 2712 542 2758 esse
575 2690 735 2758 Iuvenalis
766 2693 979 2757 imitationem
1011 2690 1054 2756 ad
1084 2690 1179 2774 Verg.
1209 2690 1325 2782 Georg.

148 2799 367 2876 spectantem,
399 2814 483 2876 quae
505 2794 771 2877 splendidissimis
798 2795 989 2876 imaginibus
1013 2792 1180 2858 abundent
1200 2791 1327 2856 intelle·

148 2897 238 2979 gitur
275 2897 514 2980 comparatione
551 2897 702 2962 instituta
738 2899 823 2962 inter
855 2895 950 2978 Verg.
983 2894 1098 2978 Georg.
1131 2895 1177 2959 111
1209 2918 1238 2961 v.
1262 2896 1325 2961 232

314 3097 315 3100 ’
770 3100 901 3162 iuvenco

302 3201 345 3268 Et
367 3207 506 3286 temptat
528 3221 607 3280 seso,
631 3207 729 3283 atque
751 3203 848 3266 irasci
868 3202 900 3266 in
924 3221 1044 3266 corruo
1068 3199 1164 3264 discit
1276 3211 1277 3214 ’

302 3304 436 3368 Arboris
457 3303 590 3368 obnisus
612 3311 723 3368 trunco

153 3411 186 3470 et
205 3404 272 3471 Ius.
296 3413 356 3472 sat.
378 3406 439 3470 XII
461 3428 487 3470 v.
504 3408 540 3471 9:

753 3507 879 3588 citerius,

301 3611 362 3689 Qui
385 3617 474 3676 veen
497 3611 641 3676 nascenti
663 3609 777 3674 robora
798 3629 906 3674 cornu.

238 3714 286 3777 sd
309 3714 389 3781 Aen.
413 3715 427 3778 1
450 3735 477 3776 v.
495 3713 546 3789 88,
569 3713 626 3778 89:

301 3815 457 3900 Eripiunt
478 3815 585 3881 subito
608 3813 702 3878 rubes
724 3815 908 3897 coelumque
931 3815 1082 3898 diemque

319 3917 516 3984 Teucrorum
538 3937 578 3982 ex
600 3916 715 3993 oculis;
737 3922 838 3999 ponto
860 3937 923 3980 nor
945 3919 1078 3984 incubat
1101 3924 1174 3981 utro

155 4020 315 4100 pertinere
338 4019 508 4086 verisimile
531 4027 580 4086 est
601 4019 665 4083 Iuv.
690 4024 751 4082 sat.
773 4016 835 4080 XII
857 4040 884 4083 v.
903 4019 1043 4085 18-19:

436 4124 556 4188 densae
580 4122 698 4184 coelum
720 4119 905 4185 abscondere
928 4121 1069 4186 terebros

308 4223 397 4288 Nube
419 4245 491 4288 una.
