3054 4846
693 297 734 362 31

215 484 316 562 Quem
344 481 523 566 particulae
554 501 646 548 usum
673 481 856 550 Iuvenalem
889 484 1051 550 imitatum
1084 503 1173 562 esse,
1207 503 1300 548 nemo

110 586 272 670 negabit,
295 586 322 650 si
345 585 579 668 comparaverit
599 590 661 650 sat.
682 583 697 649 I
719 606 747 652 v.
763 585 819 650 21:

281 685 313 752 Si
336 694 439 764 vacat,
462 707 499 752 oc
520 687 640 771 placidi
663 688 821 754 rationem
843 690 1014 756 admittitis
1036 689 1139 754 edam.

112 819 189 876 sat.
211 809 257 875 VI
279 832 308 875 v.
323 810 396 888 328,
419 809 496 876 329:

548 917 617 976 tum
641 910 760 976 lemine
782 912 918 997 simplex

281 1015 329 1078 Ac
350 1014 472 1097 pariter
494 1019 562 1078 toto
585 1015 741 1095 repetitur
754 1013 875 1080 clamor
889 1014 1044 1092 abantro;

119 1122 189 1182 sat.
212 1115 256 1180 VI
279 1137 307 1181 v.
322 1117 396 1193 423,
419 1115 501 1180 424:

282 1216 425 1282 Callidus
447 1222 480 1280 et
502 1217 619 1282 cristae
640 1217 758 1300 digitos
782 1219 943 1302 impressit
964 1219 1081 1302 aliptes

283 1320 331 1382 Ac
352 1339 510 1385 summum
533 1317 682 1384 dominae
703 1317 809 1384 femur
830 1321 1011 1387 exclamare
1033 1324 1153 1406 coligit3

124 1427 190 1488 sat.
212 1419 288 1486 VIII
309 1442 337 1487 v.
352 1421 423 1499 153,
450 1419 527 1484 154:

376 1529 410 1588 et
430 1543 599 1588 occursum
621 1544 787 1606 nunquam
808 1525 985 1609 trepidavit
1006 1526 1101 1592 amici

281 1624 350 1690 Iam
372 1625 467 1703 senis,
491 1645 529 1688 oc
549 1625 641 1709 virga
662 1628 751 1709 prior
773 1634 896 1693 annuet

125 1748 191 1794 sac.
215 1725 277 1791 XII
298 1748 325 1793 v.
340 1726 482 1793 54—562

370 1836 449 1894 tuuc
470 1829 614 1896 adversis
636 1829 825 1912 urgentibus
839 1830 917 1898 illuc

279 1930 424 1998 Reccidit
446 1936 483 1997 ut
504 1932 625 1997 malum
646 1930 733 1998 ferro
755 1934 973 2000 summitteret
994 1955 1031 1999 ac
1053 1955 1087 2002 se

279 2032 430 2117 Explicat
450 2039 632 2116 angustum.

214 2162 261 2229 Ut
281 2182 453 2247 pergamus
476 2162 706 2242 demonstrare,
729 2182 794 2245 quo
816 2162 911 2227 modo
925 2161 1084 2230 Iuvenalis
1106 2165 1299 2248 particulam

125 2265 342 2351 copulativam
365 2271 498 2331 auctore
521 2262 662 2348 Vergilio
684 2265 830 2347 posuerit
858 2264 1074 2348 compluribus
1100 2266 1193 2346 locis,
1223 2267 1301 2333 inde

127 2371 229 2436 etiam
250 2369 388 2434 imitatio
411 2366 572 2449 quaedam
595 2367 814 2449 cognoscitur,
844 2366 934 2449 quod
956 2371 1054 2450 polita
1076 2368 1200 2434 duobus
1222 2369 1301 2434 sati-

126 2491 240 2538 rarum
262 2470 339 2536 Iocis
361 2469 554 2553 particulam
577 2475 652 2545 „et‘
674 2470 856 2552 usurpavit,
886 2475 924 2534 ut
952 2475 985 2534 et
1015 2471 1301 2553 interrogationem

130 2573 290 2654 inciperet
311 2579 346 2638 et
366 2590 481 2636 novam
510 2572 701 2636 sententiam
724 2591 744 2635 a
765 2570 971 2654 praecedenti
1001 2570 1156 2636 seclusam
1184 2572 1301 2638 adiun-

129 2681 232 2758 geret.
283 2673 372 2751 Quae
403 2678 569 2739 structura
601 2673 742 2738 occurrit
777 2670 869 2737 nobis
900 2673 989 2756 apud
1019 2672 1203 2740 Iuvenalem
1238 2680 1295 2741 sat

129 2774 196 2841 Iv.
212 2775 267 2840 87:

409 2882 438 2942 at
459 2876 590 2960 quando
612 2875 742 2942 uberior
761 2875 910 2942 vitiorum
932 2878 1045 2961 copia?

131 2979 403 3046 mwuwr

283 3081 326 3145 Et
347 3084 419 3163 quIs
440 3088 518 3147 tunc
539 3079 703 3148 hominum
726 3085 929 3165 contemptor
950 3081 1110 3149 numinis?

218 3211 277 3278 His
306 3231 378 3276 cum
409 3209 553 3278 versibus
580 3210 675 3276 velim
709 3229 875 3293 compares
907 3208 977 3275 illos
999 3208 1199 3296 VergiIIanos
1220 3212 1299 3278 Aen.

131 3315 147 3380 I
169 3337 198 3381 v.
212 3313 264 3392 48,
286 3313 344 3379 49:

387 3415 605 3496 etquisquam
627 3433 745 3480 numen
767 3412 898 3479 Iunonis
919 3412 1036 3480 adorat

284 3517 456 3584 Praeterea
477 3522 535 3582 aut
556 3513 693 3600 supplex
714 3515 779 3580 aris
800 3515 945 3600 imponet
966 3515 1141 3582 honorem?

134 3625 167 3686 et
188 3622 266 3686 Aen.
290 3618 334 3684 VI
355 3640 383 3684 v.
399 3618 476 3683 806:

284 3720 327 3784 Et
348 3721 532 3785 dubitamus
553 3719 661 3784 adhuc
681 3721 800 3783 vlrtute
823 3717 996 3783 extendere
1017 3717 1101 3784 vires

285 3825 350 3887 Aut
371 3827 476 3886 metus
497 3819 640 3886 Ausonia
661 3818 812 3904 prohibet
834 3820 1007 3885 consistere
1030 3821 1141 3884 terra?

219 3951 281 4030 Qui
308 3950 487 4034 particulae
513 3971 590 4016 usus
619 3949 707 4033 apud
735 3948 859 4032 priores
881 3967 978 4029 quam
1001 3945 1176 4029 Vergilium
1199 3947 1302 4031 scrip-

134 4062 220 4121 tores
240 4054 376 4119 forsitan
398 4074 461 4118 non
483 4053 672 4118 invenietur.
716 4052 867 4114 Attamen
888 4048 946 4112 hos
971 4049 1057 4131 ipsos
1078 4068 1189 4113 versus
1211 4049 1303 4115 Iuve-

135 4156 200 4222 naIi
226 4160 303 4221 ante
332 4154 441 4220 oculos
468 4154 584 4233 fuisse,
618 4174 690 4218 cum
718 4150 813 4218 simili
836 4151 930 4215 modo
951 4149 1143 4233 particulam
1165 4171 1303 4234 usurpa-

134 4259 225 4336 verit,
246 4278 309 4321 non
333 4258 412 4322 satis
434 4257 638 4339 perspicuum
659 4259 718 4320 est.
753 4252 807 4318 Nil
828 4252 938 4319 refect
974 4251 1044 4317 Hoc
1057 4251 1142 4316 enim
1156 4259 1302 4320 nostrum
