3054 4846
733 227 774 294 tr

174 415 306 480 invertit
328 414 419 502 Vorg.
442 415 519 482 Aen.
543 414 585 480 IV
608 437 637 480 v.
650 415 723 494 328,
745 413 822 479 329:

486 518 586 602 siquis
609 517 687 580 milri
703 517 853 600 parvolus
875 515 951 580 aula

319 617 466 690 ‚Lodcrct
488 620 619 684 Aeaeos.

261 747 330 826 Quo
352 747 553 814 hemistichia
582 751 679 830 polita
706 747 834 812 deridet
862 745 977 812 falsam
1001 744 1130 830 Vergilii
1153 748 1351 814 sententiam

176 849 411 932 imaginemque
433 850 574 916 iocosam
595 857 629 914 et
650 849 802 932 lepidam,
831 869 896 931 qna
918 849 1071 932 exprimit
1093 849 1250 915 Didonem
1272 849 1352 915 bea-

177 956 244 1018 tam
277 961 377 1034 atque
411 952 536 1018 felicem
569 951 656 1029 foro,
688 973 753 1016 nou
783 953 911 1028 „animo
941 957 1069 1035 captam
1097 971 1136 1017 ac
1165 951 1351 1018 desertam“

177 1053 288 1130 rideri,
311 1055 337 1118 si
360 1055 390 1118 ei
413 1053 523 1120 Aenea
545 1053 628 1119 filim
650 1058 745 1120 natue
768 1053 819 1118 eit

263 1173 371 1255 Atque
393 1175 491 1238 eliam
514 1173 647 1239 Ovidius
668 1173 702 1238 in
724 1173 845 1239 heroid.
868 1172 928 1236 Vll
950 1195 977 1237 v.
997 1171 1070 1238 135:

330 1275 471 1340 Accedet
493 1274 569 1342 latis
592 1276 704 1341 matris
727 1275 916 1342 miserabilis
938 1267 1044 1341 inians

179 1391 412 1459 demonstravit
431 1394 645 1459 calamitatem
663 1394 795 1460 Didonis
818 1395 979 1472 maiorem,
1003 1396 1028 1460 si
1045 1414 1206 1460 examore
1222 1393 1351 1460 Aeneae

178 1495 313 1578 gravida
342 1497 428 1562 lacta
459 1501 551 1562 essct.
596 1498 702 1575 Quare
731 1499 841 1562 mirari
872 1517 935 1562 non
965 1517 1132 1580 possumus
1161 1497 1247 1582 qnod
1272 1499 1353 1562 sati·

179 1616 288 1662 rarum
318 1600 456 1682 scriptor
485 1599 599 1664 iisdem
630 1597 698 1664 fere
725 1599 855 1666 vocibus
878 1599 1046 1664 cavillatur
1069 1597 1260 1680 Vergilium,
1296 1601 1352 1681 qui

181 1698 338 1764 Didonem
362 1699 485 1764 felicem
508 1701 616 1778 ducat,
639 1702 665 1766 ei
689 1699 836 1778 „Aeneas
858 1699 1031 1784 parvulusu
1055 1705 1150 1766 natue
1172 1701 1221 1765 sit

266 1827 333 1894 Iam
363 1849 437 1895 vero
459 1829 618 1896 Iuvenalis
644 1851 703 1913 pro
732 1851 769 1896 eo
791 1851 895 1907 moro,
930 1851 994 1912 quo
1020 1832 1137 1896 satiras
1161 1830 1353 1914 Vcrgiiisnis

180 1929 285 1996 verbis
314 1953 352 1996 ao
380 1929 575 1998 dictionibus
604 1933 647 1998 ad
672 1933 839 2016 parodiam
862 1931 1078 2018 effingendam
1100 1932 1234 2000 inversis
1256 1954 1354 2016 saepe

182 2034 313 2100 condire
336 2034 426 2110 solet,
451 2041 512 2129 sat.
536 2031 578 2098 VI
599 2033 696 2100 aaa:

334 2135 441 2202 Stulta
463 2137 603 2202 maritali
625 2138 688 2202 iam
707 2137 845 2222 porripit
867 2157 925 2200 oro
946 2137 1084 2222 capistro

182 2252 312 2336 Vergilii
336 2256 511 2324 clausulam
533 2256 649 2340 Georg.
669 2255 715 2322 111
736 2279 762 2322 v.
781 2256 854 2324 188:

504 2358 554 2422 dat
576 2359 724 2426 mollibus
747 2379 805 2426 oro
826 2361 973 2443 capionis

182 2499 273 2545 suam
304 2479 395 2559 lacit,
429 2503 500 2547 cum
530 2503 655 2548 sensum
686 2481 868 2563 proprium,
902 2483 958 2563 qui
985 2482 1046 2548 hoc
1077 2483 1146 2547 loco
1168 2483 1201 2546 in
1224 2483 1354 2546 vocibus

183 2583 261 2660 „det
288 2605 347 2648 ora
375 2585 545 2668 capistrie“
578 2585 702 2669 positus
733 2583 792 2660 eit,
829 2583 1002 2667 figuratum
1035 2586 1213 2651 reddiderit
1245 2583 1356 2649 faceta

183 2706 256 2752 oum
276 2687 442 2754 allusione.

269 2807 369 2874 Porro
392 2829 612 2891 comparemus
635 2815 694 2874 sat.
719 2809 763 2874 Vi
785 2809 905 2875 v.123:

553 2927 684 2993 titulum
706 2929 841 2995 mentita
862 2929 1013 3016 Lyciscae
1074 3019 1076 3024 ,

185 3036 219 3097 et
241 3030 306 3098 Ecl.
329 3031 375 3096 Ill
398 3054 425 3097 v.
445 3033 499 3097 18:

549 3135 685 3200 multum
705 3133 846 3200 latrante
870 3131 1013 3218 Lycisco.

187 3281 251 3344 quo
283 3260 353 3326 loco
378 3259 536 3325 luvenalis
566 3259 776 3342 lepidissime,
811 3265 848 3321 nt
877 3257 1012 3323 fortasse
1042 3260 1206 3340 negotium
1229 3265 1359 3332 potaret

187 3363 372 3442 nefandum,
396 3361 547 3446 Lyciscae
569 3361 658 3435 canis
671 3379 785 3424 nomen
808 3358 964 3430 transfert
977 3361 1019 3426 ad
1034 3362 1236 3430 meretricem
1258 3360 1359 3426 scele-

188 3466 396 3542 ratissimam,
434 3462 611 3538 cuiusmodi
642 3460 756 3544 puellis
790 3482 854 3528 non
887 3483 961 3526 raro
993 3483 1107 3528 nomen
1141 3462 1278 3534 inditum
1308 3469 1360 3532 ‚est

189 3569 318 3646 „canis“
341 3588 361 3632 a
383 3565 602 3648 scriptoribus.

274 3695 343 3760 Iam
364 3714 440 3762 vero
460 3694 494 3761 in
516 3698 577 3760 eat.
599 3691 658 3758 VII
679 3690 838 3756 Iurenalie
861 3692 1019 3773 copiosius
1046 3687 1232 3772 disputarit,
1248 3709 1360 3772 ¹quan-

189 3808 264 3872 tum
292 3799 421 3863 fortuna
454 3801 599 3877 egestate
629 3813 794 3874 nunquam
825 3793 993 3856 imminuta
1025 3789 1073 3855 vel
1105 3792 1173 3856 vita
1201 3792 1297 3858 beata
1324 3799 1361 3858 et

190 3904 392 3986 imperatoris
412 3898 519 3983 gratia
540 3896 799 3976 Maecenatisque
821 3893 999 3960 liberalitas
1017 3893 1150 3958 valeant
1175 3895 1218 3959 ad
1240 3895 1359 3960 bunum

192 4008 340 4069 eventum
363 4000 556 4068 carminibus
579 4000 817 4082 impetrandum
832 3997 971 4078 indeque
987 3994 1110 4061 fructus
1126 3997 1360 4079 percipiendos.

192 4106 293 4182 Quam
317 4105 505 4170 sententiam
529 4105 726 4186 propositam
749 4104 846 4182 polita
868 4097 1012 4180 exemplo
1035 4096 1160 4163 Horatii
1182 4104 1214 4163 et
1228 4097 1361 4182 Vergilii

192 4206 406 4286 adumbrarit,
431 4207 551 4287 quain
574 4225 608 4269 re
631 4203 724 4268 huius
748 4201 950 4266 cavillatione
972 4219 1039 4264 non
1057 4200 1223 4266 abstinuit.
