3054 4846
800 289 843 353 20

319 471 480 539 luvenalis
512 471 594 538 miro
627 471 723 538 modo
752 470 891 551 „arbor“
923 492 983 556 pro
1006 471 1155 549 „malus“
1185 469 1309 553 posuit,
1342 489 1414 534 oum

234 574 393 658 Vergilius
415 571 553 652 „arbore
576 572 673 640 mali“
695 575 817 658 optime
842 574 1054 640 coniunxerit.
1099 573 1250 638 Attamen
1272 571 1410 637 imitatio
1482 649 1483 664 χ

232 675 442 744 luvenaliana
464 675 638 743 manifesta
658 682 710 741 est
722 677 774 759 ¹¹).
1482 667 1483 706 l

318 777 386 846 Iam
416 799 493 844 vero
522 779 565 844 ad
596 777 883 845 demonstrandam
917 798 1030 844 novam
1058 776 1208 844 imitandi
1243 776 1412 852 rationem,

232 901 316 964 qnae
342 882 421 948 insit
442 881 475 946 iu
504 882 614 948 satiris
635 880 862 959 luvenalianis‚
893 880 1101 966 comparandi
1123 884 1202 946 suut
1223 883 1256 944 et
1276 876 1413 961 Vergilii
1483 884 1484 908 ¹

232 982 366 1066 qnidam
388 982 451 1048 looi
474 989 507 1049 et
535 983 710 1050 satirarum
743 983 928 1067 scriptoris,
962 981 1079 1066 quibus
1108 981 1162 1047 hic
1183 1001 1276 1048 voces
1298 980 1413 1064 Vergi-

232 1084 337 1150 lianas
366 1084 577 1169 assumpserit
604 1085 639 1150 iu
667 1105 777 1152 uersus
799 1083 957 1168 quosdam
984 1089 1147 1152 exeuntes.
1189 1082 1268 1150 Illae
1289 1082 1414 1150 seilicet

233 1207 326 1252 voees
360 1185 507 1253 diversae
539 1189 747 1272 reperiuntur
778 1193 811 1254 et
843 1208 977 1254 numero
1007 1193 1041 1254 et
1068 1207 1144 1253 casu
1173 1206 1278 1269 neque
1307 1187 1412 1272 minus

235 1287 458 1371 discrepantes
479 1286 672 1356 substantivi
694 1298 728 1357 et
749 1290 901 1356 adiectivi
923 1290 1156 1374 compositione
1176 1294 1235 1356 aut
1248 1293 1414 1354 benamu·

233 1395 304 1456 tato
337 1395 371 1456 et
402 1389 560 1456 adiectivo
594 1396 628 1456 et
661 1389 863 1458 substantivo
896 1398 930 1458 et
962 1392 1070 1458 verbo.
1127 1392 1231 1471 Quem
1263 1390 1414 1457 imitandi

233 1493 391 1558 rationem
414 1492 552 1559 maxime
574 1493 713 1576 positam
735 1513 805 1559 esse
827 1493 861 1558 in
885 1515 945 1560 usu
968 1515 1078 1562 versus
1102 1494 1254 1579 dactylici
1276 1513 1339 1558 non
1363 1498 1415 1558 est

233 1593 448 1660 infitiandum.

317 1695 410 1763 Licet
439 1703 548 1764 certae
576 1697 756 1766 locutiones
785 1715 997 1779 versuumque
1030 1702 1141 1780 partes
1174 1698 1262 1763 omni
1291 1703 1413 1775 aetate,

232 1818 299 1881 qna
326 1796 420 1864 latini
448 1821 558 1868 versus
586 1801 653 1868 sint
680 1801 863 1884 compositi,
896 1798 989 1864 nobis
1020 1799 1247 1881 occurrant¹¹)
1276 1800 1340 1876 ita,
1375 1804 1414 1864 ut

232 1899 380 1966 omnibns
401 1901 575 1969 videantur
596 1922 780 1969 communes
802 1902 1028 1985 scriptoribus,
1061 1908 1169 1966 tamen
1192 1901 1413 1966 controversia

232 2022 296 2068 nou
318 2016 378 2081 est,
402 2004 481 2086 quin
503 2007 673 2089 podtarum
695 2004 789 2073 multi
810 2023 920 2070 versus
943 2005 1094 2071 extremis
1109 2002 1239 2068 vocibus
1258 2000 1411 2066 simillimi

235 2113 418 2190 appareant
439 2107 645 2174 imitationes.

321 2206 429 2290 Atque
451 2229 689 2293 comparemus:

234 2306 330 2392 Verg.
352 2310 433 2376 Aen.
455 2307 502 2374 111
524 2331 552 2374 v.
569 2311 648 2377 484:

661 2434 718 2478 neo
741 2414 822 2480 cedit
842 2413 959 2480 bonore

235 2518 270 2577 et
290 2511 356 2577 Iuv.
380 2517 439 2579 sat.
462 2511 478 2576 1
498 2533 525 2578 v.
545 2513 619 2578 110:

661 2635 717 2680 cce
738 2616 828 2680 cedat
850 2615 984 2698 bonori;

321 2714 399 2781 Aen.
421 2712 466 2781 IV
487 2735 516 2778 v.
530 2717 610 2781 5352

387 2835 549 2902 secumque
571 2819 618 2883 ita
641 2817 738 2884 corde
759 2817 877 2881 uolutat

306 3049 341 3116 ¹¹)
358 3049 503 3106 hectorem
521 3051 558 3106 ad
583 3066 616 3106 ea
632 3050 787 3117 remittam,
812 3064 882 3118 qnae
901 3047 931 3101 0.
950 3045 1119 3103 Ribbeokius
1142 3045 1177 3099 de
1199 3043 1252 3102 hoo
1278 3047 1340 3102 looo
1359 3049 1415 3103 dis·
1487 3027 1488 3064 ³

232 3137 322 3190 seruit
347 3138 375 3192 in
401 3138 489 3207 libro,
516 3139 564 3208 qui
586 3138 760 3194 inscribitur:
788 3137 861 3207 „Der
885 3137 965 3192 echte
988 3135 1045 3190 nnd
1068 3135 1118 3188 der
1143 3133 1261 3188 uneebte
1281 3135 1411 3190 luvenal‘

235 3241 261 3293 p.
281 3226 394 3278 ‹rc-62.

306 3312 341 3381 ¹¹)
358 3311 490 3382 Exempli
508 3311 600 3381 gratie
617 3311 764 3367 aflemmns
782 3315 811 3366 et
827 3327 1016 3381 comparemus
1034 3327 1115 3365 voces
1133 3327 1260 3375 „rumore
1272 3312 1411 3367 seeundo“

236 3413 331 3451 uersus
349 3400 482 3467 quosdam
501 3399 676 3455 claudentes:

307 3484 378 3538 Eun.
398 3486 498 3540 Annal.
520 3505 546 3540 v.
565 3489 617 3542 266
636 3487 689 3557 (ed.
707 3487 734 3542 J.
754 3486 885 3554 Vablen):

385 3571 451 3626 Mox
470 3573 587 3628 aufferre
605 3575 701 3629 domos
718 3575 814 3645 populi
832 3591 940 3628 rumore
959 3571 1088 3631 aecurrdo:

237 3653 324 3710 Lucil.
343 3657 439 3726 reliqu.
458 3677 485 3728 p.
505 3663 555 3714 ³11
574 3662 628 3730 (ed.
648 3661 774 3730 Millerl:

382 3744 511 3800 Redeunt
529 3748 653 3802 referunt
670 3749 737 3803 laeti
757 3766 865 3802 rumore
884 3747 1016 3807 seeundo,-

235 3828 318 3898 Verg.
338 3832 405 3885 Aen.
425 3832 490 3886 VIlI
508 3851 533 3888 v.
554 3837 602 3889 90:

381 3918 460 3989 Ergo
477 3920 530 3974 iter
548 3921 692 3990 inceptum
712 3922 833 3976 celerant
849 3938 958 3975 rumore
976 3921 1106 3980 secundor

237 4000 304 4054 Hor.
323 4002 411 4071 Epist.
430 4006 442 4058 1
462 4009 503 4073 10,
523 4010 555 4062 9:

384 4091 458 4158 Quae
475 4111 523 4149 vos
542 4095 577 4148 ad
598 4095 703 4149 caelum
723 4095 825 4148 effertis
843 4112 952 4148 rumore
970 4095 1101 4154 necundo:

238 4174 378 4229 claudian.
397 4177 521 4246 Epithal.
540 4183 587 4234 63:

383 4265 502 4322 Secessit
519 4269 597 4337 regio
615 4285 669 4337 quo
689 4285 744 4323 non
763 4285 871 4322 rumore
890 4270 1013 4324 serundo.
