3054 4846
748 295 789 362 10

185 489 273 549 certo
296 484 429 549 consilio
451 485 630 570 principem
651 484 742 550 illum
764 489 892 570 podtam
915 491 1044 552 secutus
1066 488 1123 549 est.
1167 483 1257 561 Quae
1279 483 1351 566 qui·

183 586 257 651 dem
278 587 427 652 imitandi
447 607 566 669 genera
589 588 770 653 discernere
796 587 906 654 multis
932 588 1012 652 locis
1039 587 1118 652 satis
1139 585 1271 651 difficile
1293 592 1352 651 est.

267 688 311 754 lis
333 695 442 755 autem
467 687 546 756 locis
573 689 801 766 Iuvenalianis,
832 689 873 756 de
896 689 1013 774 quibus
1035 689 1243 765 disseremus,
1271 687 1352 752 Ver·

183 791 252 875 gilii
273 791 438 876 exemplar
460 791 488 856 ei
512 796 589 857 ante
611 792 720 858 oculos
742 791 847 870 inisse,
875 793 902 858 si
924 812 987 858 non
1010 796 1133 884 certum
1156 795 1191 856 at
1212 791 1352 856 maxime

161 915 163 920 ·
182 894 351 960 consimile
372 901 432 960 est.

267 996 374 1078 Atque
396 1017 505 1062 omnes
526 997 624 1075 locos,
646 997 762 1078 quibus
783 995 940 1063 luvenalis
956 995 1131 1079 Vergilium
1152 994 1350 1073 imitabatur,

183 1096 244 1162 hoc
267 1098 299 1161 in
323 1097 475 1180 opusculo
496 1099 530 1162 in
553 1104 619 1164 tres
642 1104 750 1182 partos
778 1098 1007 1180 disiungendos
1029 1099 1128 1163 statui
1151 1117 1282 1180 remque
1304 1098 1352 1162 ita

182 1199 388 1266 instituturus
421 1221 509 1278 sum,
544 1206 580 1266 ut
607 1201 709 1284 primo
737 1200 806 1266 loco
833 1200 1032 1266 considerem
1061 1219 1115 1264 eas
1143 1199 1350 1276 imitationes,

183 1322 267 1385 qnae
289 1303 493 1368 continentur
513 1303 643 1369 dicendi
664 1302 772 1368 colore
793 1302 962 1384 utriusque
983 1305 1098 1386 poetae
1121 1302 1278 1366 communi
1299 1301 1351 1367 vel

183 1404 347 1486 cogitandi
370 1405 497 1470 ratione
519 1405 666 1471 similiter
687 1425 854 1489 expressa,
883 1404 998 1470 deinde
1020 1424 1072 1468 rsa
1095 1402 1221 1485 aliquas
1242 1424 1350 1486 gram·

184 1506 318 1572 maticas
346 1510 380 1571 et
408 1509 575 1585 metricas,
609 1506 726 1589 quibus
748 1506 904 1572 luvenalis
926 1505 1101 1588 Vergilium
1130 1511 1259 1572 secutus
1282 1526 1351 1572 osse

182 1607 319 1686 videtur,
342 1614 502 1692 postremo
524 1609 565 1674 do
588 1608 642 1673 illo
664 1629 779 1692 genere
801 1609 949 1673 imitandi
964 1628 1131 1690 exponam,
1154 1629 1219 1691 quo
1234 1609 1351 1674 satira-

182 1731 253 1774 rum
286 1711 425 1794 scriptor
447 1710 623 1793 Vergilium
652 1709 819 1776 cavillatus
846 1712 929 1794 epici
961 1713 1076 1794 podtae
1107 1729 1219 1792 graves
1252 1717 1350 1792 atque

182 1812 368 1894 magnificas
390 1813 576 1889 locutiones,
600 1813 820 1894 cogitationes,
848 1815 1024 1878 sententias
1046 1811 1212 1878 transtulit
1233 1813 1276 1878 ad
1298 1834 1350 1879 res

181 1913 369 1998 ludicrast).

268 2017 314 2080 Ac
349 2017 488 2101 primum
523 2014 652 2097 quidem
687 2013 863 2080 similitudo
893 2036 932 2080 eo
961 2015 1156 2091 continetur,
1194 2017 1280 2098 quod
1315 2017 1349 2081 in

182 2118 291 2184 multis
314 2118 455 2184 versibus
476 2115 692 2182 Iuvenalianiz
724 2118 796 2201 ipsa
826 2116 980 2183 sermonis
1003 2117 1092 2200 origo
1107 2117 1149 2181 ad
1175 2117 1350 2201 Vergilium

182 2219 353 2284 referenda
374 2226 424 2284 est
445 2220 625 2284 imitatione
646 2240 876 2302 nonnunquam
897 2239 962 2285 una
976 2219 1078 2285 solnm
1099 2226 1174 2286 voce
1196 2222 1349 2301 indicata,

181 2342 252 2386 cum
276 2323 363 2388 color
385 2323 540 2387 sermonis
564 2320 613 2385 vol
644 2327 737 2386 tenor
765 2322 945 2386 sententiae
970 2322 1058 2405 apud
1080 2328 1251 2407 utrumque
1272 2327 1350 2406 poti-

182 2430 250 2489 tam
273 2446 335 2489 non
357 2427 400 2490 sit
422 2425 575 2489 diversus.
620 2422 729 2488 Multis
757 2424 854 2487 etiam
884 2421 962 2487 locis
984 2423 1193 2490 Iuvenaliana
1214 2425 1352 2491 imitatio

182 2533 298 2610 aperta
327 2534 392 2605 est,
426 2545 620 2609 quamquam
654 2525 803 2608 singulae·
831 2543 924 2589 voces
959 2545 1024 2590 non
1057 2528 1137 2592 ratis
1172 2533 1353 2610 congruunt

183 2649 255 2693 cnm
277 2627 478 2712 Vergilianis.
529 2627 712 2694 Cavendum
747 2648 822 2712 ergo
856 2632 920 2704 est,
953 2648 993 2692 ne
1024 2628 1059 2693 in
1092 2631 1271 2696 imitatione
1302 2629 1351 2695 vel

183 2729 445 2796 manifestissima
465 2751 558 2797 vocer
581 2731 712 2798 vocibus
735 2729 928 2813 respondero
950 2729 1037 2795 uelis.

268 2833 356 2911 Quae
378 2835 405 2899 si
427 2839 560 2915 reputas
581 2833 795 2899 imitationem
823 2831 916 2897 nobis
947 2851 1116 2897 occurrere
1144 2840 1295 2917 apparet,
1323 2835 1351 2898 si

184 2942 412 3018 comparantur
433 2936 498 3000 Iun.
521 2942 581 3001 sat.
603 2935 619 2999 Ι
640 2957 670 3001 v.
691 2935 748 2999 21:

333 3037 366 3103 Si
387 3044 487 3120 onom,
508 3058 547 3104 ac
568 3037 688 3122 placidi
709 3036 866 3102 rationem
888 3036 1060 3104 admittitis
1081 3037 1180 3101 edum.

182 3144 216 3201 et
238 3138 332 3222 Verg.
355 3140 434 3206 Aen.
456 3141 472 3205 Ι
492 3163 520 3206 v.
535 3143 607 3219 372,
631 3139 710 3205 373:

183 3269 185 3274 ’
332 3241 365 3307 Si
387 3243 491 3325 prima
513 3247 663 3326 repetens
686 3241 728 3307 ab
750 3242 873 3323 origiue
889 3261 1021 3326 pergam

332 3343 375 3407 Et
396 3351 482 3407 occet
503 3343 635 3410 annales
658 3349 839 3408 nostrorum
862 3342 973 3408 audire
995 3342 1148 3409 laborum.

251 3579 272 3645 ⁰)
292 3580 323 3632 In
343 3580 534 3635 enumerandis
547 3581 662 3651 Vergilii
680 3581 804 3636 versibus
822 3585 931 3636 secutus
950 3598 1009 3634 sum
1023 3580 1172 3636 editionem
1184 3580 1349 3637 Ribbeckia-

180 3683 253 3725 nam,
297 3665 426 3732 Quamvis
453 3667 573 3722 libenter
604 3669 726 3724 eiusdem
755 3669 807 3722 viri
837 3668 989 3724 doctissimi
1024 3668 1171 3722 satirarum
1202 3669 1349 3724 editionem

180 3754 418 3808 Iuvenalianarum
436 3755 636 3826 adhibuissem,
657 3760 750 3810 tamen
768 3757 839 3812 ratio
858 3757 968 3820 critica,
988 3772 1043 3824 qua
1059 3772 1125 3809 usus
1142 3758 1186 3809 est
1202 3756 1274 3810 libro
1292 3756 1349 3822 illo,

179 3841 227 3909 qui
254 3841 428 3896 inscribitur:
460 3842 534 3908 „Der
562 3844 643 3898 echte
669 3845 726 3898 und
754 3844 805 3899 der
833 3843 951 3899 unechto
974 3842 1104 3907 Juvenal,
1131 3841 1225 3896 Berlin
1254 3844 1348 3897 186⁵&

180 3927 290 3982 omnino
314 3928 426 3996 probari
449 3927 519 3982 mihi
541 3947 596 3984 nou
621 3930 720 4000 potuit.
757 3930 861 3986 Satires
885 3933 978 3985 autem
1002 3930 1139 3985 luvenalis
1163 3930 1259 3986 multis
1282 3930 1349 3986 loeis

179 4029 238 4068 esse
265 4015 443 4085 interpolatas
466 4017 652 4086 plurimasque
676 4017 704 4070 in
728 4016 763 4071 iis
787 4018 957 4087 corruptelas
977 4016 1097 4072 inveniri
1120 4035 1200 4074 namo
1218 4021 1260 4072 est
1281 4017 1347 4087 quin

179 4099 257 4154 sciat.
293 4101 351 4169 Qua
375 4102 411 4157 de
434 4119 515 4157 causa
541 4107 629 4158 totum
655 4121 699 4157 me
723 4104 860 4174 applicavi
885 4105 920 4160 ad
938 4105 965 4159 C.
983 4104 1030 4158 Fr.
1050 4104 1249 4171 Hermannam,
1277 4105 1349 4176 peri·

178 4187 315 4241 tissimum
338 4189 416 4244 illum
439 4191 585 4245 satirarum
610 4191 789 4259 interpretem
813 4195 896 4260 atque
921 4192 1140 4261 emendatorem,
1166 4194 1242 4248 cuius
1262 4193 1347 4248 editio

178 4274 289 4329 omuino
306 4276 455 4344 poeita·est
474 4278 503 4331 in
523 4278 617 4333 codice
636 4276 793 4334 Pithooano.
891 4311 893 4316 ·
