3054 4846
803 289 847 354 26

240 474 348 540 omnia
368 475 453 540 vitae
474 474 618 540 urbanae
639 475 807 542 commode
828 477 1016 560 praeberet,
1051 474 1128 540 licet
1148 474 1242 539 multi
1266 473 1410 540 homiues

241 574 366 640 scelesti
388 576 463 641 inde
487 577 620 642 Romam
642 580 801 661 peterent,
824 577 879 642 nbi
902 577 987 642 vitae
1007 575 1209 642 incommoda
1230 576 1409 643 innumera·

240 674 319 742 bilia
346 683 462 744 essent.
512 677 574 744 Sed
603 699 668 744 non
700 679 803 744 solum
830 678 989 746 luvenalis
1020 677 1152 763 Vergilii
1182 679 1409 760 cogitationem

239 799 330 844 suam
357 780 499 846 reddidit
527 788 691 864 assumpto
713 780 800 846 Sami
828 783 973 859 nomine,
1005 801 1115 846 verum
1144 783 1243 847 etiam
1269 801 1309 847 ex
1340 780 1410 847 eius

236 882 433 948 auctoritate
469 882 593 948 hiatum
630 882 747 961 „Samo
784 867 858 949 hio‘t
894 883 1042 964 admisit,
1080 902 1144 966 quo
1182 882 1223 948 de
1259 883 1408 948 imitandi

239 1001 356 1064 genere
379 983 466 1049 intra
488 985 718 1069 disputandum
738 986 808 1053 erit.

325 1112 393 1182 Nec
414 1115 722 1199 praetermittendus
745 1120 795 1180 est
815 1120 874 1180 sat
896 1113 923 1180 V
945 1115 1068 1180 51255

390 1217 527 1282 storria
543 1219 657 1303 planta
678 1216 766 1283 velut
785 1217 869 1282 ictus
891 1218 933 1282 ab
956 1216 1095 1283 Hercule
1116 1214 1218 1281 Cacus

240 1337 305 1399 quo
327 1317 397 1383 loco
428 1321 559 1385 nomine
580 1319 738 1386 Iuvenalis
768 1318 946 1402 desumpsit
974 1320 1014 1384 de
1043 1319 1229 1384 narratione
1259 1319 1293 1383 in
1316 1318 1408 1401 Verg.

240 1419 319 1484 Aen.
344 1419 417 1485 VIII
438 1442 590 1504 expresse
621 1424 715 1505 eique
747 1421 903 1506 imprimis
934 1427 1012 1487 ante
1043 1419 1151 1486 oculos
1182 1423 1300 1487 versati
1334 1429 1409 1486 sunt

240 1541 268 1586 v.
289 1522 370 1587 2592
392 1521 454 1588 Hic
476 1521 592 1588 (lacum

240 1644 268 1688 v.
290 1623 369 1688 260:
390 1625 524 1709 corripit

240 1747 268 1790 r.
292 1725 368 1791 664:
385 1726 583 1812 pedibusque
598 1729 734 1793 informe
750 1727 887 1793 cadaver

241 1851 269 1894 r.
291 1829 367 1895 265:
389 1829 587 1894 Protulitur.

324 1949 394 2016 Hoc
413 1951 447 2014 in
469 1971 601 2016 numero
623 1952 720 2016 etiam
742 1949 800 2015 ille
821 1951 996 2017 similitudo
1027 1951 1140 2017 haberi
1169 1958 1291 2036 potest,
1325 1975 1409 2036 quae

240 2052 411 2135 perspicua
433 2057 483 2117 est
511 2052 749 2135 comparatione
778 2054 928 2118 instituta
953 2054 1039 2118 inter
1060 2052 1125 2119 Iur.
1149 2060 1206 2120 sat.
1230 2054 1273 2119 VI
1293 2078 1321 2122 v.
1336 2056 1408 2134 569,

391 2255 481 2322 Haec
499 2262 607 2321 tamen
628 2256 767 2338 ignorat,
790 2256 869 2340 quid
891 2256 980 2322 eidus
1000 2258 1089 2323 triete
1110 2260 1251 2324 minetur

390 2357 525 2421 Saturni

239 2464 273 2525 et
293 2457 386 2543 Verg.
410 2459 525 2543 Georg.
547 2459 562 2523 I
583 2482 611 2526 r.
626 2460 699 2539 335,
722 2460 800 2526 336:

610 2568 644 2627 et
665 2562 772 2628 sidera
792 2584 885 2631 serra

389 2663 525 2749 Fripr'do
547 2664 682 2729 Saturni
704 2685 858 2749 seseque
881 2667 968 2731 etella
991 2673 1147 2750 receptat.

323 2793 484 2879 Imprimis
505 2793 569 2858 huc
599 2793 663 2858 duo
692 2795 821 2859 nomina
848 2796 1008 2878 respicere
1029 2795 1188 2874 ridentur,
1212 2817 1295 2878 qnae
1316 2795 1408 2862 Iuve-

238 2896 321 2962 nalis
357 2918 378 2961 a
410 2895 552 2979 Vergilio
585 2901 751 2961 mutuatus
783 2902 842 2962 est.
896 2895 1105 2963 Conferamus
1136 2898 1235 2980 igitur
1267 2904 1327 2964 sat.
1350 2897 1408 2963 VH

237 3022 265 3063 v.
287 2999 361 3076 234,
383 2998 461 3064 235:

508 3121 623 3166 nornen
646 3099 852 3185 patriamqne
873 3119 1022 3165 nouercae

389 3202 570 3267 Aocdimoli

239 3327 311 3370 cum
333 3305 412 3372 Aen.
434 3305 465 3369 X
487 3326 515 3368 v.
531 3304 609 3370 389:

388 3406 609 3471 Anchimolum
631 3405 789 3471 thalamos
811 3425 925 3471 ausum
946 3407 1104 3473 incestare
1127 3428 1275 3472 novercae

239 3513 273 3574 et
295 3508 361 3574 Inv.
385 3517 443 3576 sat.
466 3507 525 3573 VH
546 3530 574 3573 v.
589 3508 662 3586 235,
686 3507 764 3572 236:

554 3611 640 3674 dicet
662 3615 741 3692 quot
763 3610 886 3674 Acestes
907 3610 1022 3676 vixerit
1042 3612 1135 3676 annis

389 3711 475 3789 Quot
496 3711 597 3775 Siculi
619 3710 799 3796 Phrygibus
820 3711 888 3774 uiui
908 3711 1071 3777 dona-oerit
1090 3733 1189 3778 urnae

239 3835 310 3878 cum
332 3813 427 3897 Verg.
449 3815 526 3879 Aen.
549 3813 564 3878 l
585 3837 614 3880 v.
633 3813 703 3892 195,
729 3813 803 3879 196:

395 3915 479 3979 Virro
500 3916 602 3981 bonus
624 3935 708 3999 quae
730 3914 848 3980 deinde
868 3915 956 3979 cadis
977 3921 1130 3982 onerarat
1151 3918 1275 3982 Acestes

388 4017 499 4083 Litore
525 4017 697 4082 Trinacrio
719 4016 910 4099 dederatque
934 4017 1126 4084 abeuntibus
1148 4018 1251 4086 heroe.

301 4239 302 4242 Ἴ
324 4143 381 4210 His
403 4144 527 4210 duobus
549 4144 628 4209 loeis
650 4143 833 4209 Iuvenalem
862 4144 935 4210 illas
957 4148 1166 4227 narrationes,
1190 4169 1271 4230 quas
1292 4148 1407 4232 Vergi-

238 4247 300 4315 lius
332 4252 524 4334 exposuerat
557 4248 731 4332 copiosius,
764 4247 877 4314 leviter
907 4247 1051 4333 tetigisse
1085 4251 1229 4318 videmus
1265 4249 1406 4335 indeque
