3054 4846
718 269 760 334 lt

241 453 399 537 Vergilius
436 453 520 519 enim
554 452 810 535 praeclarissime
843 453 873 516 ie
906 455 983 521 Aen.
1010 455 1068 520 Vll
1098 477 1126 520 r.
1147 455 1327 532 tte-leo,

155 557 311 642 imprimis
333 578 362 620 v.
384 553 460 620 447:

552 661 601 720 tot
624 656 730 738 crispe
751 655 856 722 silibet
877 657 987 742 hydris

155 784 183 827 v.
205 761 281 826 teo:
304 758 447 840 geminos
472 760 576 822 erexit
597 757 737 821 crinibus
760 760 872 840 anguis

155 867 332 934 monstrum
357 859 529 928 Allectonis
552 858 655 925 furiae
676 859 831 925 horribile
857 859 1029 937 describit,
1061 862 1102 926 ad
1125 863 1211 944 qnod
1235 862 1328 928 luve-

155 965 238 1035 nalis
260 961 350 1030 uelut
371 962 499 1028 iocandi
524 962 782 1030 causerecurrit
803 968 863 1026 sat.
886 961 945 1028 Vll
968 985 994 1027 v.
1010 962 1067 1026 68:

449 1071 482 1128 et
505 1062 609 1146 qualis
632 1062 787 1129 Rutulum
809 1063 984 1146 confundet
1007 1063 1128 1149 Erinys

155 1191 183 1234 u.
208 1167 265 1232 70:
288 1165 443 1231 caderent
463 1184 572 1231 omnes
595 1183 617 1230 a
637 1163 778 1236 runicus
798 1164 914 1249 lpdri;

242 1268 305 1334 Sed
343 1267 462 1333 maiore
490 1289 571 1340 enm
606 1266 780 1332 festivitate
817 1270 991 1334 satirarum
1027 1267 1167 1350 scriptor
1199 1267 1258 1332 sibi
1295 1269 1328 1332 in

155 1373 325 1436 verberum
354 1367 479 1434 lusibus
514 1367 735 1450 irrisionisque
772 1368 892 1434 aculeis
919 1368 1042 1452 placet,
1078 1389 1149 1436 cum
1181 1369 1329 1434 derideat

156 1471 288 1554 Vergilii
311 1469 466 1552 exempla,
489 1470 606 1550 quibus
628 1489 755 1553 pugnae
778 1470 991 1549 illustrantur,
1015 1476 1074 1535 sat.
1098 1470 1156 1536 VH
1179 1495 1206 1535 v.
1222 1472 1279 1536 ll:

308 1573 411 1638 Surda
434 1571 512 1639 nihil
535 1577 677 1654 gemeret
699 1592 794 1654 graue
816 1571 930 1638 meino

156 1697 320 1741 assumens
343 1673 554 1739 cavillationis
576 1678 609 1737 ct
631 1673 785 1756 perediae
811 1693 914 1740 causa
934 1695 1043 1739 vocem
1066 1675 1224 1752 „bucina“
1248 1675 1327 1742 Ver·

154 1778 223 1860 gilii
245 1777 409 1861 propriam
432 1797 471 1840 ex
494 1775 571 1840 Aen.
594 1773 652 1839 Vll
673 1793 700 1840 r.
715 1775 789 1852 519,
811 1776 889 1842 520:

309 1879 389 1942 Tum
409 1898 484 1942 vero
506 1877 549 1940 ad
571 1897 677 1942 rocam
702 1876 833 1956 celeres,
857 1899 922 1960 qua
944 1877 1058 1942 budae
1081 1880 1208 1961 signum

195 2041 198 2050 Α
307 1981 386 2044 Dira
407 1978 498 2044 dedit
588 2043 589 2046 ,

158 2103 221 2163 quo
244 2081 314 2150 lucc
330 2080 489 2164 Vergilius
510 2081 631 2163 optime
654 2081 801 2164 depingit
816 2079 1012 2147 Allectonem
1036 2081 1152 2148 furiam
1169 2083 1328 2161 „bucina“

155 2181 314 2264 agricolas
346 2183 479 2250 Latinos
499 2183 554 2247 ad
586 2181 707 2246 bellum
740 2188 853 2248 contra
879 2183 1020 2249 Aeneam
1057 2185 1225 2267 sociosque
1261 2187 1329 2252 eins

157 2285 324 2355 excitasse.

241 2386 363 2454 Eadem
392 2407 452 2452 vex
485 2385 653 2451 derisionis
682 2404 829 2460 causae
854 2386 1004 2452 Iuvenale
1034 2389 1156 2454 inserta
1188 2398 1237 2454 est
1265 2393 1327 2456 sat.

156 2487 232 2555 lth
253 2489 373 2554 v.153:

175 2657 177 2664 ,
306 2589 372 2657 Sed
395 2589 451 2670 qui
475 2607 643 2667 sermones,
668 2609 768 2670 quam
788 2589 884 2657 foeda
905 2589 1018 2656 acino
1039 2591 1170 2658 formae.

243 2693 349 2774 Atque
371 2691 622 2774 pulcherrimum
644 2691 799 2773 parodiae
823 2691 1049 2759 Iuvenalianae
1078 2693 1258 2778 exemplum
1280 2696 1329 2760 in·

157 2797 289 2863 renitor·
305 2801 364 2861 sat.
387 2792 432 2858 IX
456 2813 482 2866 u.
499 2793 570 2870 102,
596 2793 677 2860 1032
793 2857 795 2862 ,
825 2831 827 2860 ς
871 2853 872 2856 ,

179 2947 180 2951 ,
220 2947 222 2954 .
309 2895 512 2978 ecorpuoa
535 2893 679 2977 Corydon
701 2901 861 2962 secretum
883 2897 988 2964 diuitis
1011 2896 1112 2963 ullum

309 2997 385 3066 Esse
407 2997 523 3081 putas?

159 3117 296 3180 quocum
317 3099 387 3164 loco
410 3099 555 3164 conferas
577 3098 643 3164 Eel.
665 3097 696 3162 11
720 3120 745 3162 v.
760 3098 817 3163 69:

226 3249 228 3256 .
312 3199 338 3262 0
362 3200 517 3284 Corydon,
540 3199 686 3283 Corydon
710 3222 793 3282 quae
815 3207 847 3265 te
870 3202 1034 3269 dementia
1056 3205 1157 3288 cepit!

243 3301 392 3368 Parcdia
410 3304 494 3370 enirn
524 3303 599 3368 inde
627 3309 778 3386 apparet,
812 3304 897 3385 qnod
920 3303 1082 3373 Iuvenalis
1111 3328 1228 3390 magna
1258 3330 1328 3373 cum

159 3403 263 3466 ironia
283 3425 399 3470 ,nemen
417 3404 564 3489 Corydon
580 3426 600 3470 a
616 3403 755 3486 Vergilio
776 3405 914 3470 inditum
927 3409 1057 3490 'pastori
1080 3409 1207 3474 cuidam
1230 3411 1329 3476 stulto

159 3508 193 3567 et
214 3505 354 3569 nefande
377 3510 411 3569 et
439 3506 472 3568 in
496 3527 629 3588 puerum
653 3507 823 3588 pulchrum
845 3528 954 3575 amore
976 3509 1172 3576 inflammato
1195 3513 1330 3578 inseruit

160 3609 193 3668 et
228 3607 395 3671 transtulit
423 3607 467 3671 ad
498 3606 690 3689 flagitiosum
723 3607 884 3689 quendam
919 3611 1102 3690 cinaedum,
1136 3614 1191 3694 qui
1223 3615 1330 3679 omnia

159 3707 284 3772 nefaria
306 3710 337 3772 in
361 3709 495 3772 divitum
518 3707 611 3771 domo
633 3716 823 3790 perpetrata
844 3711 992 3794 patefieri
1015 3713 1201 3778 arbitratur.

246 3807 391 3890 Denique
424 3808 484 3872 hac
520 3809 553 3872 in
588 3809 820 3876 dissertationis
855 3818 949 3895 parte
980 3816 1224 3894 consideremus,
1263 3837 1329 3898 qua

158 3911 284 3974 ratione
314 3909 383 3974 loce
413 3910 552 3992 quodam
576 3909 757 3991 Vergiliano
785 3915 939 3995 perediae
971 3936 1068 3980 causa
1091 3918 1214 3982 inverso
1236 3917 1329 3983 Iuve-

159 4009 242 4075 nalis
272 4010 505 4076 cavillationem
534 4012 703 4093 iocumque
732 4013 901 4079 effinxerit.
946 4015 1035 4081 Inter
1062 4039 1171 4084 omnes
1201 4027 1328 4086 constat

159 4116 271 4194 poetas
297 4133 423 4177 versum
453 4112 615 4177 heroicum
646 4121 836 4197 usurpantes
864 4118 979 4183 mirum
1011 4119 1173 4200 quoddam
1203 4142 1328 4186 rarum-

160 4232 222 4293 que
253 4219 286 4276 et
316 4215 553 4298 inexpectatum
583 4218 760 4300 exprimere
790 4219 823 4282 in
851 4221 955 4285 anime
978 4221 1114 4300 habere,
1142 4223 1170 4287 si
1191 4227 1327 4289 exeunte
