3054 4846
709 295 750 360 33

231 483 278 547 Ac
300 482 438 564 primum
461 479 590 561 quidem
612 478 674 543 hoc
695 481 899 562 perspicuum
929 486 978 546 est
999 486 1058 546 sat
1081 480 1157 546 VIII
1188 505 1214 549 v.
1241 483 1319 548 105:

294 583 373 647 lnds
396 580 567 646 Dolabella
588 587 687 663 atque
710 581 786 645 hinc
808 583 963 646 Antonius
986 582 1068 647 inde.

230 703 282 768 Sic
304 702 401 766 etiam
424 706 513 765 vetus
535 698 722 764 scholiastes
750 699 829 782 legit
860 699 1008 782 Idemque
1034 703 1067 766 in
1090 723 1205 785 magna
1229 702 1318 767 codi-

141 826 218 870 cum
247 809 342 887 parte
369 802 523 868 traditum
553 805 610 866 est
658 801 778 866 Tamen
812 803 957 867 nonnulli
985 802 1144 869 luvenalis
1177 804 1316 868 editores

140 909 230 972 vocis
262 904 397 969 formam
435 903 644 984 „Dolabella“
680 903 823 986 recipere
854 903 1024 984 nolebant,
1059 907 1209 988 quoniam
1244 927 1317 971 oon·

142 1008 324 1074 cedendum
346 1027 410 1071 non
433 1011 515 1071 esset
539 1011 615 1070 ante
637 1004 778 1070 vocalem
801 1007 833 1069 in
855 1008 919 1071 arsi
943 1006 1085 1072 vocalem
1102 1008 1227 1074 brevem
1243 1030 1317 1091 pro-

141 1111 218 1174 duci
241 1116 275 1173 et
297 1109 459 1174 elisionem
482 1107 623 1189 reioi¹⁴).
668 1105 752 1171 Male
781 1108 880 1188 igitur
910 1109 965 1173 alii
994 1109 1216 1174 emendatores
1243 1116 1318 1192 post

141 1233 253 1276 vocem
277 1209 486 1288 „Dolabella“
510 1214 601 1286 „est“
631 1209 835 1273 retinuerunt
863 1215 896 1272 et
925 1216 999 1292 post
1029 1209 1109 1276 illud
1131 1232 1244 1276 nomen
1267 1212 1318 1275 in·

143 1320 266 1379 sertum
290 1334 358 1378 esse
380 1311 566 1388 volucrunt,
597 1331 661 1391 quo
691 1309 806 1375 suffixo
829 1311 982 1376 vocabulo
1012 1312 1166 1396 syllabam
1189 1312 1316 1394 longam

144 1414 346 1497 effingerent,
371 1413 435 1491 alii,
458 1415 491 1477 in
512 1413 627 1494 quibus
644 1411 677 1475 0.
695 1411 746 1475 Fr.
764 1411 966 1479 Hermannus
990 1413 1220 1492 „Dolabellae“
1244 1435 1319 1480 eon-

143 1519 291 1582 iecerunt
312 1522 346 1581 et
367 1517 399 1580 in
423 1516 595 1579 editionem
618 1520 824 1597 receperunt,
856 1515 910 1580 alii
934 1515 1132 1581 Lachmanni
1155 1516 1320 1600 exemplar

143 1621 244 1684 secuti
269 1624 357 1694 sunt,
388 1618 443 1699 qui
465 1618 594 1681 vocibus
631 1622 749 1698 „atquc
774 1614 910 1682 dehino“
937 1619 1135 1702 interpositis
1155 1617 1230 1682 hnic
1251 1618 1321 1682 loco

148 1720 270 1786 mederi
294 1723 429 1784 1111111
451 1724 509 1784 est.

234 1839 319 1915 Quas
348 1836 587 1903 emendationes
615 1838 657 1902 ad
688 1838 812 1934 irritum
841 1837 967 1920 redegit
990 1837 1024 1902 L.
1049 1837 1085 1903 Ο.
1109 1837 1256 1903 Kiaerius
1285 1839 1317 1902 in

145 1942 201 2006 illo
223 1941 314 2016 libro,
343 1940 384 2004 de
407 1958 470 2021 qno
493 1958 591 2021 supra
613 1939 769 2003 diximus:
802 1936 1011 2016 ‚,l)claballa“
1033 1941 1167 2005 retinuit
1189 1947 1222 2005 ot
1243 1962 1320 2024 pro-

147 2044 246 2109 bavit.
290 2041 457 2106 Nimirum.
505 2039 577 2104 Non
613 2046 662 2104 est
696 2061 752 2104 our
783 2038 941 2104 luvenalis
975 2061 1038 2106 non
1074 2042 1122 2107 ita
1155 2045 1320 2126 scripserit

146 2167 252 2228 neque
275 2151 404 2210 secutus
427 2145 470 2208 sit
492 2163 614 2207 morem
635 2162 656 2207 a
677 2143 784 2224 priore
807 2161 925 2206 aureae
946 2141 1118 2208 latinitatis
1142 2147 1239 2226 poeta
1261 2145 1319 2209 ad-

147 2247 292 2311 hibitum.
338 2244 496 2327 Vergilius
518 2245 602 2308 enim
626 2245 701 2306 Aen.
723 2242 785 2306 XII
807 2265 834 2307 v.
858 2241 934 2306 648:

298 2364 417 2430 Sancta
440 2363 483 2427 ad
506 2383 562 2427 vos
584 2362 699 2441 anima,
723 2367 822 2444 atque
845 2362 936 2426 istius
958 2361 1059 2426 inscia
1081 2362 1194 2447 culpae

149 2483 261 2548 eadem
283 2483 415 2547 licentia
439 2503 515 2547 usus
537 2482 686 2559 „enlma“
716 2481 763 2545 ita
785 2480 902 2562 posuit,
932 2485 969 2543 ut
991 2480 1108 2546 vocalis
1132 2488 1193 2559 „a“
1215 2483 1321 2548 brevis

147 2591 222 2651 ante
245 2583 387 2650 vocalem
409 2591 470 2661 ,,1“
491 2585 525 2647 11
549 2583 613 2647 arsi
635 2581 733 2664 longa
755 2580 843 2646 facta
862 2582 970 2661 sit¹⁶).

224 2816 257 2883 ¹⁴)
278 2813 386 2869 Vooalis
410 2812 501 2866 brevis
525 2816 590 2866 ante
615 2812 736 2866 vocalem
761 2811 790 2864 in
816 2813 870 2866 arsi
893 2814 983 2881 posita
1006 2831 1040 2866 ex
1063 2814 1213 2868 multorum
1238 2815 1321 2869 inter·

149 2906 257 2972 pratum
278 2901 415 2955 sententia
432 2901 459 2953 in
479 2900 570 2953 satiris
583 2899 765 2953 Iuvenalianis
784 2902 891 2953 exstare
909 2901 1013 2968 neqult,
1037 2901 1110 2969 quod
1128 2919 1217 2969 neque
1234 2904 1322 2957 multa

150 2994 214 3044 sunt
239 2989 366 3058 exempla
390 2989 464 3056 apud
487 2989 593 3056 priores
616 2990 726 3062 poetas,
751 3003 840 3054 neque
859 2987 995 3040 Iuvenalis
1018 2986 1106 3041 hiatui
1131 2990 1185 3044 nisi
1202 2990 1235 3043 iis
1254 2991 1320 3045 locis

149 3077 293 3146 indulgere
310 3076 432 3142 videtur,
458 3075 557 3143 quibus
574 3073 676 3128 vocalis
700 3072 783 3141 longa
807 3073 835 3126 in
856 3073 910 3125 arsi
929 3073 1018 3140 posita
1037 3079 1088 3129 est.
1123 3074 1251 3129 Conferss
1270 3083 1321 3132 sat.

148 3165 202 3218 Iv.
224 3167 288 3232 1513
318 3164 387 3216 Ilv.
407 3165 455 3230 26;
480 3162 629 3226 111v.70;
658 3159 812 3224 Vv.158;
837 3160 874 3212 VI
892 3175 917 3210 v.
936 3160 1002 3223 2743
1029 3178 1055 3212 v.
1074 3162 1141 3228 4683
1171 3163 1239 3217 Xv.
1258 3167 1323 3232 2813

150 3252 201 3305 XII
226 3250 394 3316 v.3e,110;
422 3248 486 3302 XIV
510 3266 535 3302 v.
555 3248 602 3315 493
630 3247 680 3300 XV
705 3264 729 3299 v.
752 3247 814 3310 1263
846 3247 893 3299 ubi
918 3248 1103 3316 reputandum
1130 3251 1172 3300 est
1195 3253 1246 3301 sat.
1270 3251 1321 3303 XII

86 3341 91 3349 '
148 3356 173 3392 v.
196 3341 246 3391 110
265 3338 292 3389 11
312 3334 424 3388 vocibus
444 3333 529 3402 „belli
547 3337 592 3388 et“
616 3333 723 3388 hiatum
752 3333 872 3402 positum
895 3351 954 3388 esse
981 3334 1110 3388 adversus
1135 3335 1320 3391 coniecturam

149 3426 176 3477 C.
195 3425 242 3478 Fr.
261 3422 421 3487 Hermanni,
440 3420 595 3489 ‚,bellique“
616 3419 810 3490 supponentis‚
839 3439 919 3489 quarn
939 3421 970 3475 L.
993 3421 1024 3474 0.
1042 3421 1168 3474 Xiaem'us
1192 3426 1322 3490 praecla-

149 3511 256 3565 rissime
274 3507 413 3562 refutavit.
1314 3518 1317 3522 '

221 3615 253 3683 ¹⁵)
272 3613 332 3669 Non
352 3613 449 3681 ignoro
468 3612 648 3678 quamobrem
666 3612 842 3666 doctissimus
860 3612 907 3666 ille
919 3612 949 3665 0.
962 3611 1133 3666 Ribbeokius
1152 3615 1179 3666 in
1199 3615 1320 3670 editione

150 3702 309 3770 Vergiliana
327 3700 388 3753 loco
405 3699 482 3753 vocis
500 3698 621 3766 ,‚inscia“
645 3698 775 3766 „nescia“
794 3699 978 3753 substituerit.
1013 3699 1223 3754 concedendum
1248 3704 1319 3756 enim

154 3803 211 3840 ense
228 3786 340 3856 negant
357 3785 409 3840 hoc
427 3786 488 3839 loco
506 3785 574 3854 legi:

301 3892 402 3945 sonora
419 3889 454 3942 ad
473 3887 521 3942 vos
541 3875 640 3955 animi,
659 3894 742 3956 atque
758 3879 844 3942 ²stids
859 3877 953 3942 ‘necte
971 3888 1069 3958 orilpae

153 3992 277 4059 vocalis,
303 3994 404 4060 inquit,
432 3993 523 4048 brevis
547 3998 612 4049 ante
636 3993 771 4058 vocalem,
799 4009 861 4046 cum
884 3991 913 4043 in
938 3991 992 4044 arsi
1014 3995 1057 4046 est
1072 3994 1174 4062 posita,
1203 3996 1319 4065 produci
1385 4021 1387 4028 ·

153 4098 210 4137 non
226 4080 316 4134 debet.
350 4080 428 4134 Talia
446 4081 571 4150 exempla
593 4081 668 4150 apud
692 4081 796 4149 priores
815 4079 890 4133 hand
909 4076 990 4132 facile
1008 4079 1191 4135 invertuntur.
1227 4083 1268 4137 Ea
1286 4085 1321 4139 de

151 4186 233 4225 causa
254 4168 381 4236 „nesciu“
400 4168 553 4234 substituit,
571 4184 626 4236 qua
643 4167 834 4222 emendatione
851 4165 1041 4235 effingeret-nr:

299 4273 401 4327 Sinala
417 4273 452 4327 ad
470 4271 518 4327 vde
537 4272 658 4342 anim(al,
676 4261 760 4342 Itque
779 4258 863 4328 istius
881 4259 980 4326 nescia
997 4270 1102 4342 culpae.

1076 4379 1092 4430 3
