<?xml version="1.0" encoding="UTF-8"?>
<!DOCTYPE html PUBLIC "-//W3C//DTD XHTML 1.0 Transitional//EN"
    "http://www.w3.org/TR/xhtml1/DTD/xhtml1-transitional.dtd">
<html xmlns="http://www.w3.org/1999/xhtml" xml:lang="en" lang="en">
 <head>
  <title>
</title>
<meta http-equiv="Content-Type" content="text/html;charset=utf-8" />
  <meta name='ocr-system' content='tesseract 3.04.00' />
  <meta name='ocr-capabilities' content='ocr_page ocr_carea ocr_par ocr_line ocrx_word'/>
</head>
<body>
  <div class='ocr_page' id='page_1' title='image "./deiuvenalevergi01gehlgoog_0030.png"; bbox 0 0 3054 4846; ppageno 0'>
   <div class='ocr_carea' id='block_1_1' title="bbox 686 307 728 372">
    <p class='ocr_par' dir='ltr' id='par_1_1' title="bbox 686 307 728 372">
     <span class='ocr_line' id='line_1_1' title="bbox 686 307 728 372; baseline -0.048 0"><span class='ocrx_word' id='word_1_1' title='bbox 686 307 728 372; x_wconf 75' lang='grc'>21)</span> 
     </span>
    </p>
   </div>
   <div class='ocr_carea' id='block_1_2' title="bbox 113 490 1299 4368">
    <p class='ocr_par' dir='ltr' id='par_1_2' title="bbox 113 490 1295 661">
     <span class='ocr_line' id='line_1_2' title="bbox 113 490 1295 578; baseline 0 -22"><span class='ocrx_word' id='word_1_2' title='bbox 113 515 152 557; x_wconf 91' lang='lat' dir='ltr'>re</span> <span class='ocrx_word' id='word_1_3' title='bbox 177 498 337 577; x_wconf 80' lang='lat' dir='ltr'>appareat</span> <span class='ocrx_word' id='word_1_4' title='bbox 360 493 505 559; x_wconf 89' lang='lat' dir='ltr'>consulto</span> <span class='ocrx_word' id='word_1_5' title='bbox 527 503 626 578; x_wconf 88' lang='lat' dir='ltr'>atque</span> <span class='ocrx_word' id='word_1_6' title='bbox 653 494 693 558; x_wconf 89' lang='lat' dir='ltr'>de</span> <span class='ocrx_word' id='word_1_7' title='bbox 720 493 882 558; x_wconf 86' lang='lat' dir='ltr'>industria</span> <span class='ocrx_word' id='word_1_8' title='bbox 912 513 983 556; x_wconf 89' lang='lat' dir='ltr'>eum</span> <span class='ocrx_word' id='word_1_9' title='bbox 1006 490 1186 575; x_wconf 89' lang='lat' dir='ltr'>exemplum</span> <span class='ocrx_word' id='word_1_10' title='bbox 1208 491 1295 556; x_wconf 87' lang='lat' dir='ltr'>illius</span> 
     </span>
     <span class='ocr_line' id='line_1_3' title="bbox 114 596 321 661; baseline -0.014 0"><span class='ocrx_word' id='word_1_11' title='bbox 114 596 321 661; x_wconf 84' lang='lat' dir='ltr'><strong>adhibuisse.</strong></span> 
     </span>
    </p>

    <p class='ocr_par' dir='ltr' id='par_1_3' title="bbox 116 696 1295 887">
     <span class='ocr_line' id='line_1_4' title="bbox 207 696 1295 782; baseline -0.002 -19"><span class='ocrx_word' id='word_1_12' title='bbox 207 701 253 763; x_wconf 87' lang='lat' dir='ltr'>Ae</span> <span class='ocrx_word' id='word_1_13' title='bbox 282 701 420 782; x_wconf 92' lang='lat' dir='ltr'>primum</span> <span class='ocrx_word' id='word_1_14' title='bbox 450 698 581 780; x_wconf 89' lang='lat' dir='ltr'>quidem</span> <span class='ocrx_word' id='word_1_15' title='bbox 609 696 769 764; x_wconf 83' lang='lat' dir='ltr'>Iuvenalis</span> <span class='ocrx_word' id='word_1_16' title='bbox 797 718 862 763; x_wconf 91' lang='lat' dir='ltr'>non</span> <span class='ocrx_word' id='word_1_17' title='bbox 892 698 960 763; x_wconf 90' lang='lat' dir='ltr'>sine</span> <span class='ocrx_word' id='word_1_18' title='bbox 989 696 1129 781; x_wconf 87' lang='lat' dir='ltr'>Vergilio</span> <span class='ocrx_word' id='word_1_19' title='bbox 1161 703 1295 762; x_wconf 87' lang='lat' dir='ltr'>auctore</span> 
     </span>
     <span class='ocr_line' id='line_1_5' title="bbox 116 801 754 887; baseline -0.006 -19"><span class='ocrx_word' id='word_1_20' title='bbox 116 803 289 887; x_wconf 78' lang='lat' dir='ltr'>scripsisse</span> <span class='ocrx_word' id='word_1_21' title='bbox 311 801 439 866; x_wconf 86' lang='lat' dir='ltr'>videtur</span> <span class='ocrx_word' id='word_1_22' title='bbox 461 807 520 866; x_wconf 90' lang='lat' dir='ltr'>sat.</span> <span class='ocrx_word' id='word_1_23' title='bbox 546 801 610 866; x_wconf 83' lang='lat' dir='ltr'>lv.</span> <span class='ocrx_word' id='word_1_24' title='bbox 626 801 676 878; x_wconf 83' lang='lat'>60,</span> <span class='ocrx_word' id='word_1_25' title='bbox 698 802 754 865; x_wconf 79' lang='lat'>61:</span> 
     </span>
    </p>

    <p class='ocr_par' dir='ltr' id='par_1_4' title="bbox 118 904 931 1400">
     <span class='ocr_line' id='line_1_6' title="bbox 460 904 909 987; baseline 0.002 -19"><span class='ocrx_word' id='word_1_26' title='bbox 460 904 536 969; x_wconf 91' lang='lat' dir='ltr'>dum</span> <span class='ocrx_word' id='word_1_27' title='bbox 558 904 705 987; x_wconf 87' lang='lat' dir='ltr'>pervolat</span> <span class='ocrx_word' id='word_1_28' title='bbox 727 924 787 969; x_wconf 86' lang='lat' dir='ltr'>axe</span> <span class='ocrx_word' id='word_1_29' title='bbox 810 905 909 970; x_wconf 89' lang='lat' dir='ltr'>citato</span> 
     </span>
     <span class='ocr_line' id='line_1_7' title="bbox 276 1005 803 1089; baseline -0.008 -18"><span class='ocrx_word' id='word_1_30' title='bbox 276 1007 476 1084; x_wconf 80' lang='lat' dir='ltr'>Flaminiam,</span> <span class='ocrx_word' id='word_1_31' title='bbox 496 1026 577 1089; x_wconf 86' lang='lat' dir='ltr'>pner</span> <span class='ocrx_word' id='word_1_32' title='bbox 599 1005 803 1069; x_wconf 77' lang='lat' dir='ltr'><em>Automedon.</em></span> 
     </span>
     <span class='ocr_line' id='line_1_8' title="bbox 118 1107 874 1193; baseline -0.004 -18"><span class='ocrx_word' id='word_1_33' title='bbox 118 1110 297 1193; x_wconf 90' lang='lat' dir='ltr'>respiciens</span> <span class='ocrx_word' id='word_1_34' title='bbox 320 1108 362 1174; x_wconf 89' lang='lat' dir='ltr'>ad</span> <span class='ocrx_word' id='word_1_35' title='bbox 386 1110 481 1191; x_wconf 89' lang='lat' dir='ltr'>Verg.</span> <span class='ocrx_word' id='word_1_36' title='bbox 503 1109 582 1173; x_wconf 87' lang='lat' dir='ltr'>Aen.</span> <span class='ocrx_word' id='word_1_37' title='bbox 604 1107 634 1172; x_wconf 88' lang='grc' dir='ltr'>Π</span> <span class='ocrx_word' id='word_1_38' title='bbox 658 1130 685 1172; x_wconf 85' lang='lat' dir='ltr'>r.</span> <span class='ocrx_word' id='word_1_39' title='bbox 701 1108 774 1186; x_wconf 84' lang='lat'>476,</span> <span class='ocrx_word' id='word_1_40' title='bbox 796 1107 874 1173; x_wconf 76' lang='lat'>477:</span> 
     </span>
     <span class='ocr_line' id='line_1_9' title="bbox 454 1210 931 1293; baseline -0.002 -16"><span class='ocrx_word' id='word_1_41' title='bbox 454 1232 610 1293; x_wconf 89' lang='lat' dir='ltr'>equorum</span> <span class='ocrx_word' id='word_1_42' title='bbox 633 1212 775 1293; x_wconf 77' lang='lat' dir='ltr'>agitator</span> <span class='ocrx_word' id='word_1_43' title='bbox 798 1210 931 1276; x_wconf 85' lang='lat' dir='ltr'>Achillis</span> 
     </span>
     <span class='ocr_line' id='line_1_10' title="bbox 276 1313 652 1400; baseline 0.008 -24"><span class='ocrx_word' id='word_1_44' title='bbox 276 1315 425 1400; x_wconf 76' lang='lat' dir='ltr'>Armiper</span> <span class='ocrx_word' id='word_1_45' title='bbox 446 1313 652 1380; x_wconf 76' lang='lat' dir='ltr'><strong><em>Automedon.</em></strong></span> 
     </span>
    </p>

    <p class='ocr_par' dir='ltr' id='par_1_5' title="bbox 121 1415 1296 1994">
     <span class='ocr_line' id='line_1_11' title="bbox 211 1415 1295 1499; baseline 0 -18"><span class='ocrx_word' id='word_1_46' title='bbox 211 1417 280 1496; x_wconf 81' lang='lat' dir='ltr'>Quo</span> <span class='ocrx_word' id='word_1_47' title='bbox 310 1420 437 1481; x_wconf 91' lang='lat' dir='ltr'>nomine</span> <span class='ocrx_word' id='word_1_48' title='bbox 460 1417 704 1495; x_wconf 79' lang='lat' dir='ltr'>„Aut0med0n“</span> <span class='ocrx_word' id='word_1_49' title='bbox 734 1416 776 1480; x_wconf 92' lang='lat' dir='ltr'>ab</span> <span class='ocrx_word' id='word_1_50' title='bbox 805 1422 943 1498; x_wconf 88' lang='lat' dir='ltr'>utreque</span> <span class='ocrx_word' id='word_1_51' title='bbox 973 1419 1070 1499; x_wconf 76' lang='lat' dir='ltr'>polita</span> <span class='ocrx_word' id='word_1_52' title='bbox 1100 1415 1295 1482; x_wconf 87' lang='lat' dir='ltr'>clarissimus</span> 
     </span>
     <span class='ocr_line' id='line_1_12' title="bbox 121 1517 1295 1603; baseline -0.001 -19"><span class='ocrx_word' id='word_1_53' title='bbox 121 1521 178 1585; x_wconf 90' lang='lat' dir='ltr'>ille</span> <span class='ocrx_word' id='word_1_54' title='bbox 202 1520 290 1603; x_wconf 88' lang='lat' dir='ltr'>apud</span> <span class='ocrx_word' id='word_1_55' title='bbox 311 1519 486 1583; x_wconf 85' lang='lat' dir='ltr'><strong>Homerum</strong></span> <span class='ocrx_word' id='word_1_56' title='bbox 508 1539 603 1600; x_wconf 88' lang='lat' dir='ltr'>saepe</span> <span class='ocrx_word' id='word_1_57' title='bbox 627 1523 892 1583; x_wconf 87' lang='lat' dir='ltr'>commemoratus</span> <span class='ocrx_word' id='word_1_58' title='bbox 921 1519 1034 1601; x_wconf 88' lang='lat' dir='ltr'>auriga</span> <span class='ocrx_word' id='word_1_59' title='bbox 1058 1517 1191 1584; x_wconf 84' lang='lat' dir='ltr'>Achillis</span> <span class='ocrx_word' id='word_1_60' title='bbox 1214 1520 1295 1584; x_wconf 90' lang='lat' dir='ltr'>dici-</span> 
     </span>
     <span class='ocr_line' id='line_1_13' title="bbox 121 1619 1295 1703; baseline -0.002 -15"><span class='ocrx_word' id='word_1_61' title='bbox 121 1631 195 1699; x_wconf 90' lang='lat' dir='ltr'>tur,</span> <span class='ocrx_word' id='word_1_62' title='bbox 226 1624 273 1687; x_wconf 89' lang='lat' dir='ltr'>ita</span> <span class='ocrx_word' id='word_1_63' title='bbox 294 1642 385 1697; x_wconf 83' lang='lat' dir='ltr'>vero,</span> <span class='ocrx_word' id='word_1_64' title='bbox 414 1629 450 1684; x_wconf 89' lang='lat' dir='ltr'>ut</span> <span class='ocrx_word' id='word_1_65' title='bbox 472 1619 630 1685; x_wconf 90' lang='lat' dir='ltr'>Iuvenalis</span> <span class='ocrx_word' id='word_1_66' title='bbox 660 1641 777 1703; x_wconf 87' lang='lat' dir='ltr'>magna</span> <span class='ocrx_word' id='word_1_67' title='bbox 804 1642 875 1684; x_wconf 88' lang='lat' dir='ltr'>cnm</span> <span class='ocrx_word' id='word_1_68' title='bbox 897 1619 1074 1685; x_wconf 77' lang='lat' dir='ltr'>acerbitate</span> <span class='ocrx_word' id='word_1_69' title='bbox 1096 1621 1158 1685; x_wconf 88' lang='lat' dir='ltr'>boc</span> <span class='ocrx_word' id='word_1_70' title='bbox 1179 1643 1295 1686; x_wconf 87' lang='lat' dir='ltr'>nomen</span> 
     </span>
     <span class='ocr_line' id='line_1_14' title="bbox 122 1722 1296 1806; baseline -0.001 -17"><span class='ocrx_word' id='word_1_71' title='bbox 122 1729 155 1789; x_wconf 93' lang='lat' dir='ltr'>in</span> <span class='ocrx_word' id='word_1_72' title='bbox 179 1726 339 1790; x_wconf 91' lang='lat' dir='ltr'>bominem</span> <span class='ocrx_word' id='word_1_73' title='bbox 362 1723 524 1806; x_wconf 84' lang='lat' dir='ltr'>quendam</span> <span class='ocrx_word' id='word_1_74' title='bbox 546 1726 744 1788; x_wconf 88' lang='lat' dir='ltr'>luxuriosum</span> <span class='ocrx_word' id='word_1_75' title='bbox 768 1723 970 1804; x_wconf 85' lang='lat' dir='ltr'>eundemque</span> <span class='ocrx_word' id='word_1_76' title='bbox 991 1722 1189 1806; x_wconf 88' lang='lat' dir='ltr'>praefectum</span> <span class='ocrx_word' id='word_1_77' title='bbox 1212 1724 1296 1788; x_wconf 90' lang='lat' dir='ltr'>mili·</span> 
     </span>
     <span class='ocr_line' id='line_1_15' title="bbox 122 1824 1296 1909; baseline -0.002 -17"><span class='ocrx_word' id='word_1_78' title='bbox 122 1835 193 1893; x_wconf 87' lang='lat' dir='ltr'>tum</span> <span class='ocrx_word' id='word_1_79' title='bbox 216 1825 401 1903; x_wconf 87' lang='lat' dir='ltr'>transferat,</span> <span class='ocrx_word' id='word_1_80' title='bbox 430 1846 526 1907; x_wconf 90' lang='lat' dir='ltr'>quem</span> <span class='ocrx_word' id='word_1_81' title='bbox 548 1846 612 1889; x_wconf 92' lang='lat' dir='ltr'>non</span> <span class='ocrx_word' id='word_1_82' title='bbox 634 1825 758 1909; x_wconf 88' lang='lat' dir='ltr'>pudeat</span> <span class='ocrx_word' id='word_1_83' title='bbox 785 1845 866 1902; x_wconf 83' lang='lat' dir='ltr'>„axe</span> <span class='ocrx_word' id='word_1_84' title='bbox 889 1826 987 1890; x_wconf 87' lang='lat' dir='ltr'>citato</span> <span class='ocrx_word' id='word_1_85' title='bbox 1009 1824 1199 1890; x_wconf 83' lang='lat' dir='ltr'>Flaminiam</span> <span class='ocrx_word' id='word_1_86' title='bbox 1220 1845 1296 1909; x_wconf 90' lang='lat' dir='ltr'>per-</span> 
     </span>
     <span class='ocr_line' id='line_1_16' title="bbox 122 1931 262 1994; baseline 0 0"><span class='ocrx_word' id='word_1_87' title='bbox 122 1931 262 1994; x_wconf 69' lang='lat' dir='ltr'>volare“⁸</span> 
     </span>
    </p>

    <p class='ocr_par' dir='ltr' id='par_1_6' title="bbox 122 2029 1296 2212">
     <span class='ocr_line' id='line_1_17' title="bbox 209 2029 1296 2113; baseline 0 -18"><span class='ocrx_word' id='word_1_88' title='bbox 209 2032 315 2097; x_wconf 87' lang='lat' dir='ltr'>Etiam</span> <span class='ocrx_word' id='word_1_89' title='bbox 345 2032 420 2096; x_wconf 93' lang='lat' dir='ltr'>inde</span> <span class='ocrx_word' id='word_1_90' title='bbox 452 2032 589 2096; x_wconf 80' lang='lat' dir='ltr'>imitatio</span> <span class='ocrx_word' id='word_1_91' title='bbox 617 2030 778 2113; x_wconf 88' lang='lat' dir='ltr'>quaedam</span> <span class='ocrx_word' id='word_1_92' title='bbox 808 2031 1004 2112; x_wconf 81' lang='lat' dir='ltr'>perspicitur</span> <span class='ocrx_word' id='word_1_93' title='bbox 1025 2029 1114 2112; x_wconf 91' lang='lat' dir='ltr'>quod</span> <span class='ocrx_word' id='word_1_94' title='bbox 1135 2030 1296 2096; x_wconf 89' lang='lat' dir='ltr'>Iuvenalis</span> 
     </span>
     <span class='ocr_line' id='line_1_18' title="bbox 122 2131 1295 2212; baseline -0.003 -13"><span class='ocrx_word' id='word_1_95' title='bbox 122 2133 278 2199; x_wconf 87' lang='lat' dir='ltr'>nonnulla</span> <span class='ocrx_word' id='word_1_96' title='bbox 300 2133 456 2199; x_wconf 88' lang='lat' dir='ltr'>clarorum</span> <span class='ocrx_word' id='word_1_97' title='bbox 478 2133 619 2198; x_wconf 85' lang='lat' dir='ltr'>virorum</span> <span class='ocrx_word' id='word_1_98' title='bbox 640 2134 772 2199; x_wconf 92' lang='lat' dir='ltr'>nomina</span> <span class='ocrx_word' id='word_1_99' title='bbox 792 2132 928 2197; x_wconf 89' lang='lat' dir='ltr'>inseruit</span> <span class='ocrx_word' id='word_1_100' title='bbox 949 2138 1008 2196; x_wconf 88' lang='lat' dir='ltr'>sat.</span> <span class='ocrx_word' id='word_1_101' title='bbox 1031 2131 1062 2196; x_wconf 93' lang='lat'>11</span> <span class='ocrx_word' id='word_1_102' title='bbox 1083 2155 1112 2196; x_wconf 88' lang='lat' dir='ltr'>v.</span> <span class='ocrx_word' id='word_1_103' title='bbox 1131 2133 1200 2212; x_wconf 83' lang='lat'>153,</span> <span class='ocrx_word' id='word_1_104' title='bbox 1220 2132 1295 2197; x_wconf 71' lang='lat'>154:</span> 
     </span>
    </p>

    <p class='ocr_par' dir='ltr' id='par_1_7' title="bbox 460 2233 968 2320">
     <span class='ocr_line' id='line_1_19' title="bbox 460 2233 968 2320; baseline -0.008 -18"><span class='ocrx_word' id='word_1_105' title='bbox 460 2235 573 2302; x_wconf 85' lang='lat' dir='ltr'>Curius</span> <span class='ocrx_word' id='word_1_106' title='bbox 597 2236 675 2320; x_wconf 92' lang='lat' dir='ltr'>quid</span> <span class='ocrx_word' id='word_1_107' title='bbox 699 2237 797 2301; x_wconf 85' lang='lat' dir='ltr'>sentit</span> <span class='ocrx_word' id='word_1_108' title='bbox 819 2239 853 2299; x_wconf 91' lang='lat' dir='ltr'>et</span> <span class='ocrx_word' id='word_1_109' title='bbox 874 2233 968 2299; x_wconf 88' lang='lat' dir='ltr'>ambo</span> 
     </span>
    </p>

    <p class='ocr_par' dir='ltr' id='par_1_8' title="bbox 125 2336 1296 2810">
     <span class='ocr_line' id='line_1_20' title="bbox 276 2336 1090 2423; baseline -0.001 -23"><span class='ocrx_word' id='word_1_110' title='bbox 276 2337 454 2421; x_wconf 78' lang='lat' dir='ltr'>Scipiadae,</span> <span class='ocrx_word' id='word_1_111' title='bbox 475 2340 553 2421; x_wconf 91' lang='lat' dir='ltr'>quid</span> <span class='ocrx_word' id='word_1_112' title='bbox 576 2338 743 2404; x_wconf 84' lang='lat' dir='ltr'>Fabricius</span> <span class='ocrx_word' id='word_1_113' title='bbox 765 2357 938 2423; x_wconf 89' lang='lat' dir='ltr'>manesque</span> <span class='ocrx_word' id='word_1_114' title='bbox 962 2336 1090 2401; x_wconf 78' lang='lat' dir='ltr'>Camilli</span> 
     </span>
     <span class='ocr_line' id='line_1_21' title="bbox 125 2439 1294 2524; baseline 0.002 -21"><span class='ocrx_word' id='word_1_115' title='bbox 125 2461 208 2521; x_wconf 87' lang='lat' dir='ltr'>quae</span> <span class='ocrx_word' id='word_1_116' title='bbox 238 2442 367 2504; x_wconf 89' lang='lat' dir='ltr'>nomina</span> <span class='ocrx_word' id='word_1_117' title='bbox 397 2442 463 2505; x_wconf 92' lang='lat' dir='ltr'>sine</span> <span class='ocrx_word' id='word_1_118' title='bbox 494 2440 592 2504; x_wconf 91' lang='lat' dir='ltr'>dubio</span> <span class='ocrx_word' id='word_1_119' title='bbox 622 2441 822 2524; x_wconf 87' lang='lat' dir='ltr'>deprompsit</span> <span class='ocrx_word' id='word_1_120' title='bbox 848 2439 968 2504; x_wconf 86' lang='lat' dir='ltr'>illustri</span> <span class='ocrx_word' id='word_1_121' title='bbox 990 2439 1038 2504; x_wconf 90' lang='lat' dir='ltr'>illi</span> <span class='ocrx_word' id='word_1_122' title='bbox 1060 2439 1192 2522; x_wconf 88' lang='lat' dir='ltr'>Vergilii</span> <span class='ocrx_word' id='word_1_123' title='bbox 1215 2441 1294 2520; x_wconf 87' lang='lat' dir='ltr'>loco,</span> 
     </span>
     <span class='ocr_line' id='line_1_22' title="bbox 125 2541 1296 2626; baseline 0 -20"><span class='ocrx_word' id='word_1_124' title='bbox 125 2541 179 2606; x_wconf 90' lang='lat' dir='ltr'>ubi</span> <span class='ocrx_word' id='word_1_125' title='bbox 201 2544 233 2605; x_wconf 91' lang='lat' dir='ltr'>in</span> <span class='ocrx_word' id='word_1_126' title='bbox 257 2541 371 2623; x_wconf 88' lang='lat' dir='ltr'>Georg.</span> <span class='ocrx_word' id='word_1_127' title='bbox 395 2543 423 2606; x_wconf 95' lang='lat' dir='ltr'>ll</span> <span class='ocrx_word' id='word_1_128' title='bbox 451 2563 603 2608; x_wconf 87' lang='lat' dir='ltr'>amoenas</span> <span class='ocrx_word' id='word_1_129' title='bbox 623 2542 737 2608; x_wconf 86' lang='lat' dir='ltr'>ltaliae</span> <span class='ocrx_word' id='word_1_130' title='bbox 766 2544 913 2626; x_wconf 84' lang='lat' dir='ltr'>regiones</span> <span class='ocrx_word' id='word_1_131' title='bbox 942 2541 1127 2625; x_wconf 88' lang='lat' dir='ltr'>claramque</span> <span class='ocrx_word' id='word_1_132' title='bbox 1156 2544 1296 2626; x_wconf 87' lang='lat' dir='ltr'>patriam</span> 
     </span>
     <span class='ocr_line' id='line_1_23' title="bbox 127 2643 1295 2727; baseline 0.003 -21"><span class='ocrx_word' id='word_1_133' title='bbox 127 2643 280 2708; x_wconf 80' lang='lat' dir='ltr'>describit</span> <span class='ocrx_word' id='word_1_134' title='bbox 312 2645 517 2727; x_wconf 79' lang='lat' dir='ltr'>insignesque</span> <span class='ocrx_word' id='word_1_135' title='bbox 545 2647 629 2710; x_wconf 87' lang='lat' dir='ltr'>viros</span> <span class='ocrx_word' id='word_1_136' title='bbox 659 2646 735 2711; x_wconf 91' lang='lat' dir='ltr'>inde</span> <span class='ocrx_word' id='word_1_137' title='bbox 763 2649 893 2710; x_wconf 84' lang='lat' dir='ltr'>exortos</span> <span class='ocrx_word' id='word_1_138' title='bbox 922 2652 1151 2711; x_wconf 88' lang='lat' dir='ltr'>commemorat</span> <span class='ocrx_word' id='word_1_139' title='bbox 1172 2668 1199 2711; x_wconf 87' lang='lat' dir='ltr'>v.</span> <span class='ocrx_word' id='word_1_140' title='bbox 1225 2646 1295 2718; x_wconf 84' lang='grc'><strong>169,</strong></span> 
     </span>
     <span class='ocr_line' id='line_1_24' title="bbox 129 2746 203 2810; baseline 0 0"><span class='ocrx_word' id='word_1_141' title='bbox 129 2746 203 2810; x_wconf 80' lang='lat'>170:</span> 
     </span>
    </p>

    <p class='ocr_par' dir='ltr' id='par_1_9' title="bbox 277 2848 1181 2933">
     <span class='ocr_line' id='line_1_25' title="bbox 277 2848 1181 2933; baseline 0.002 -20"><span class='ocrx_word' id='word_1_142' title='bbox 277 2849 402 2915; x_wconf 79' lang='lat' dir='ltr'>Fartulit</span> <span class='ocrx_word' id='word_1_143' title='bbox 423 2851 505 2916; x_wconf 87' lang='lat' dir='ltr'>haec</span> <span class='ocrx_word' id='word_1_144' title='bbox 526 2851 651 2928; x_wconf 90' lang='lat' dir='ltr'>Decios,</span> <span class='ocrx_word' id='word_1_145' title='bbox 674 2849 792 2916; x_wconf 89' lang='lat' dir='ltr'>Marios</span> <span class='ocrx_word' id='word_1_146' title='bbox 814 2871 1009 2933; x_wconf 88' lang='lat' dir='ltr'>magnosque</span> <span class='ocrx_word' id='word_1_147' title='bbox 1033 2848 1181 2915; x_wconf 84' lang='lat' dir='ltr'>Camillos</span> 
     </span>
    </p>

    <p class='ocr_par' dir='ltr' id='par_1_10' title="bbox 276 2951 681 3036">
     <span class='ocr_line' id='line_1_26' title="bbox 276 2951 681 3036; baseline 0.015 -23"><span class='ocrx_word' id='word_1_148' title='bbox 276 2951 445 3036; x_wconf 83' lang='lat' dir='ltr'>Scipiadae</span> <span class='ocrx_word' id='word_1_149' title='bbox 468 2955 565 3019; x_wconf 89' lang='lat' dir='ltr'>duros</span> <span class='ocrx_word' id='word_1_150' title='bbox 587 2953 681 3020; x_wconf 89' lang='lat' dir='ltr'>bello.</span> 
     </span>
    </p>

    <p class='ocr_par' dir='ltr' id='par_1_11' title="bbox 128 3053 1297 3430">
     <span class='ocr_line' id='line_1_27' title="bbox 210 3053 1297 3139; baseline 0.004 -21"><span class='ocrx_word' id='word_1_151' title='bbox 210 3053 438 3121; x_wconf 87' lang='lat' dir='ltr'>Verumtamen</span> <span class='ocrx_word' id='word_1_152' title='bbox 459 3057 676 3139; x_wconf 87' lang='lat' dir='ltr'>reputandum</span> <span class='ocrx_word' id='word_1_153' title='bbox 700 3062 749 3121; x_wconf 90' lang='lat' dir='ltr'>est</span> <span class='ocrx_word' id='word_1_154' title='bbox 770 3054 953 3121; x_wconf 88' lang='lat' dir='ltr'>Iuvenalem</span> <span class='ocrx_word' id='word_1_155' title='bbox 976 3056 1056 3120; x_wconf 88' lang='lat' dir='ltr'>haec</span> <span class='ocrx_word' id='word_1_156' title='bbox 1077 3055 1147 3122; x_wconf 88' lang='lat' dir='ltr'>sola</span> <span class='ocrx_word' id='word_1_157' title='bbox 1168 3057 1297 3122; x_wconf 89' lang='lat' dir='ltr'>nomina</span> 
     </span>
     <span class='ocr_line' id='line_1_28' title="bbox 129 3156 1295 3242; baseline 0.003 -20"><span class='ocrx_word' id='word_1_158' title='bbox 129 3163 309 3222; x_wconf 88' lang='lat' dir='ltr'>mutuatum</span> <span class='ocrx_word' id='word_1_159' title='bbox 343 3179 412 3223; x_wconf 90' lang='lat' dir='ltr'>esse</span> <span class='ocrx_word' id='word_1_160' title='bbox 445 3166 482 3222; x_wconf 90' lang='lat' dir='ltr'>ut</span> <span class='ocrx_word' id='word_1_161' title='bbox 519 3158 790 3241; x_wconf 84' lang='lat' dir='ltr'>comparationem</span> <span class='ocrx_word' id='word_1_162' title='bbox 828 3156 945 3223; x_wconf 86' lang='lat' dir='ltr'>afferat</span> <span class='ocrx_word' id='word_1_163' title='bbox 982 3159 1067 3223; x_wconf 91' lang='lat' dir='ltr'>inter</span> <span class='ocrx_word' id='word_1_164' title='bbox 1102 3158 1174 3224; x_wconf 86' lang='lat' dir='ltr'>illos</span> <span class='ocrx_word' id='word_1_165' title='bbox 1211 3163 1295 3242; x_wconf 89' lang='lat' dir='ltr'>viros</span> 
     </span>
     <span class='ocr_line' id='line_1_29' title="bbox 129 3260 1297 3343; baseline 0.004 -20"><span class='ocrx_word' id='word_1_166' title='bbox 129 3260 319 3326; x_wconf 88' lang='lat' dir='ltr'>clarissimos</span> <span class='ocrx_word' id='word_1_167' title='bbox 342 3269 376 3326; x_wconf 83' lang='lat' dir='ltr'>et</span> <span class='ocrx_word' id='word_1_168' title='bbox 396 3282 450 3328; x_wconf 91' lang='lat' dir='ltr'>eos</span> <span class='ocrx_word' id='word_1_169' title='bbox 474 3261 634 3326; x_wconf 91' lang='lat' dir='ltr'>Romanos</span> <span class='ocrx_word' id='word_1_170' title='bbox 657 3266 824 3326; x_wconf 81' lang='lat' dir='ltr'>enervatos</span> <span class='ocrx_word' id='word_1_171' title='bbox 848 3266 880 3324; x_wconf 92' lang='grc'>01</span> <span class='ocrx_word' id='word_1_172' title='bbox 902 3260 1065 3343; x_wconf 90' lang='lat' dir='ltr'>patbioos,</span> <span class='ocrx_word' id='word_1_173' title='bbox 1099 3263 1155 3343; x_wconf 90' lang='lat' dir='ltr'>qni</span> <span class='ocrx_word' id='word_1_174' title='bbox 1177 3261 1297 3328; x_wconf 89' lang='lat' dir='ltr'>talibus</span> 
     </span>
     <span class='ocr_line' id='line_1_30' title="bbox 128 3364 480 3430; baseline 0 -2"><span class='ocrx_word' id='word_1_175' title='bbox 128 3364 192 3428; x_wconf 87' lang='lat' dir='ltr'>sint</span> <span class='ocrx_word' id='word_1_176' title='bbox 212 3365 275 3428; x_wconf 89' lang='lat' dir='ltr'>orti</span> <span class='ocrx_word' id='word_1_177' title='bbox 298 3365 480 3430; x_wconf 88' lang='lat' dir='ltr'>maioribus.</span> 
     </span>
    </p>

    <p class='ocr_par' dir='ltr' id='par_1_12' title="bbox 212 3465 1261 3551">
     <span class='ocr_line' id='line_1_31' title="bbox 212 3465 1261 3551; baseline 0.001 -21"><span class='ocrx_word' id='word_1_178' title='bbox 212 3465 324 3548; x_wconf 90' lang='lat' dir='ltr'>Neque</span> <span class='ocrx_word' id='word_1_179' title='bbox 347 3469 450 3532; x_wconf 87' lang='lat' dir='ltr'>minus</span> <span class='ocrx_word' id='word_1_180' title='bbox 472 3470 678 3551; x_wconf 89' lang='lat' dir='ltr'>perspicuum</span> <span class='ocrx_word' id='word_1_181' title='bbox 701 3473 750 3532; x_wconf 91' lang='lat' dir='ltr'>est</span> <span class='ocrx_word' id='word_1_182' title='bbox 771 3467 915 3532; x_wconf 81' lang='lat' dir='ltr'>quenali</span> <span class='ocrx_word' id='word_1_183' title='bbox 937 3467 970 3531; x_wconf 95' lang='lat' dir='ltr'>in</span> <span class='ocrx_word' id='word_1_184' title='bbox 992 3473 1052 3532; x_wconf 88' lang='lat' dir='ltr'>sat.</span> <span class='ocrx_word' id='word_1_185' title='bbox 1075 3466 1121 3531; x_wconf 94' lang='lat' dir='ltr'>IIl</span> <span class='ocrx_word' id='word_1_186' title='bbox 1143 3490 1171 3532; x_wconf 83' lang='lat' dir='ltr'>u.</span> <span class='ocrx_word' id='word_1_187' title='bbox 1187 3468 1261 3540; x_wconf 52' lang='grc' dir='ltr'>101χ</span> 
     </span>
    </p>

    <p class='ocr_par' dir='ltr' id='par_1_13' title="bbox 129 3568 1226 3839">
     <span class='ocr_line' id='line_1_32' title="bbox 278 3568 1208 3651; baseline 0.003 -19"><span class='ocrx_word' id='word_1_188' title='bbox 278 3568 338 3634; x_wconf 91' lang='grc' dir='ltr'>Η10</span> <span class='ocrx_word' id='word_1_189' title='bbox 362 3570 471 3634; x_wconf 84' lang='lat' dir='ltr'>Andro</span> <span class='ocrx_word' id='word_1_190' title='bbox 492 3570 547 3634; x_wconf 91' lang='lat' dir='ltr'>ille</span> <span class='ocrx_word' id='word_1_191' title='bbox 569 3569 674 3651; x_wconf 84' lang='lat' dir='ltr'>Sanno,</span> <span class='ocrx_word' id='word_1_192' title='bbox 697 3569 747 3633; x_wconf 79' lang='lat' dir='ltr'>lic</span> <span class='ocrx_word' id='word_1_193' title='bbox 769 3568 930 3634; x_wconf 87' lang='lat' dir='ltr'>Trallibus</span> <span class='ocrx_word' id='word_1_194' title='bbox 952 3576 1009 3633; x_wconf 90' lang='lat' dir='ltr'>aut</span> <span class='ocrx_word' id='word_1_195' title='bbox 1031 3569 1208 3636; x_wconf 88' lang='lat' dir='ltr'>Alabandis</span> 
     </span>
     <span class='ocr_line' id='line_1_33' title="bbox 129 3670 1226 3753; baseline 0.002 -19"><span class='ocrx_word' id='word_1_196' title='bbox 129 3676 202 3734; x_wconf 88' lang='lat' dir='ltr'>ante</span> <span class='ocrx_word' id='word_1_197' title='bbox 225 3671 333 3735; x_wconf 91' lang='lat' dir='ltr'>oculos</span> <span class='ocrx_word' id='word_1_198' title='bbox 353 3679 514 3737; x_wconf 86' lang='lat' dir='ltr'>versatum</span> <span class='ocrx_word' id='word_1_199' title='bbox 537 3692 607 3736; x_wconf 90' lang='lat' dir='ltr'>esse</span> <span class='ocrx_word' id='word_1_200' title='bbox 627 3671 719 3735; x_wconf 93' lang='lat' dir='ltr'>illum</span> <span class='ocrx_word' id='word_1_201' title='bbox 741 3671 961 3753; x_wconf 80' lang='lat' dir='ltr'>Vergilianum</span> <span class='ocrx_word' id='word_1_202' title='bbox 987 3673 1063 3736; x_wconf 84' lang='lat' dir='ltr'>Aen.</span> <span class='ocrx_word' id='word_1_203' title='bbox 1086 3670 1100 3734; x_wconf 95' lang='lat' dir='ltr'>l</span> <span class='ocrx_word' id='word_1_204' title='bbox 1123 3695 1150 3736; x_wconf 88' lang='lat' dir='ltr'>v.</span> <span class='ocrx_word' id='word_1_205' title='bbox 1170 3674 1226 3736; x_wconf 80' lang='lat'>16:</span> 
     </span>
     <span class='ocr_line' id='line_1_34' title="bbox 277 3772 1060 3839; baseline 0.006 -6"><span class='ocrx_word' id='word_1_206' title='bbox 277 3772 468 3838; x_wconf 87' lang='lat' dir='ltr'>Posthabita</span> <span class='ocrx_word' id='word_1_207' title='bbox 489 3774 624 3839; x_wconf 87' lang='lat' dir='ltr'>coluisse</span> <span class='ocrx_word' id='word_1_208' title='bbox 646 3773 758 3837; x_wconf 79' lang='lat' dir='ltr'>Sarno:</span> <span class='ocrx_word' id='word_1_209' title='bbox 780 3773 831 3836; x_wconf 83' lang='lat' dir='ltr'>bio</span> <span class='ocrx_word' id='word_1_210' title='bbox 852 3773 938 3838; x_wconf 91' lang='lat' dir='ltr'>illius</span> <span class='ocrx_word' id='word_1_211' title='bbox 959 3795 1060 3838; x_wconf 87' lang='lat' dir='ltr'>arma.</span> 
     </span>
    </p>

    <p class='ocr_par' dir='ltr' id='par_1_14' title="bbox 129 3873 1299 4368">
     <span class='ocr_line' id='line_1_35' title="bbox 213 3873 1298 3958; baseline 0.004 -22"><span class='ocrx_word' id='word_1_212' title='bbox 213 3873 372 3954; x_wconf 86' lang='lat' dir='ltr'>Vergilius</span> <span class='ocrx_word' id='word_1_213' title='bbox 406 3875 489 3938; x_wconf 90' lang='lat' dir='ltr'>enim</span> <span class='ocrx_word' id='word_1_214' title='bbox 519 3875 663 3953; x_wconf 82' lang='lat' dir='ltr'>Samum,</span> <span class='ocrx_word' id='word_1_215' title='bbox 694 3875 750 3940; x_wconf 93' lang='lat' dir='ltr'>ubi</span> <span class='ocrx_word' id='word_1_216' title='bbox 779 3875 893 3940; x_wconf 90' lang='lat' dir='ltr'>Iunoni</span> <span class='ocrx_word' id='word_1_217' title='bbox 926 3875 1081 3958; x_wconf 90' lang='lat' dir='ltr'>templum</span> <span class='ocrx_word' id='word_1_218' title='bbox 1116 3883 1186 3941; x_wconf 89' lang='lat' dir='ltr'>erat</span> <span class='ocrx_word' id='word_1_219' title='bbox 1221 3896 1298 3941; x_wconf 93' lang='lat' dir='ltr'>con·</span> 
     </span>
     <span class='ocr_line' id='line_1_36' title="bbox 129 3975 1299 4062; baseline 0.003 -21"><span class='ocrx_word' id='word_1_220' title='bbox 129 3981 295 4050; x_wconf 85' lang='lat' dir='ltr'>structum,</span> <span class='ocrx_word' id='word_1_221' title='bbox 318 3975 568 4058; x_wconf 87' lang='lat' dir='ltr'>pulcherrimam</span> <span class='ocrx_word' id='word_1_222' title='bbox 591 3999 629 4042; x_wconf 90' lang='lat' dir='ltr'>an</span> <span class='ocrx_word' id='word_1_223' title='bbox 649 3978 897 4060; x_wconf 85' lang='lat' dir='ltr'>copiosissimam</span> <span class='ocrx_word' id='word_1_224' title='bbox 920 3977 1033 4042; x_wconf 91' lang='lat' dir='ltr'>urbem</span> <span class='ocrx_word' id='word_1_225' title='bbox 1056 3978 1202 4062; x_wconf 88' lang='lat' dir='ltr'>depingit</span> <span class='ocrx_word' id='word_1_226' title='bbox 1224 4000 1299 4061; x_wconf 91' lang='lat' dir='ltr'>pro·</span> 
     </span>
     <span class='ocr_line' id='line_1_37' title="bbox 130 4078 1298 4163; baseline 0.004 -21"><span class='ocrx_word' id='word_1_227' title='bbox 130 4078 299 4162; x_wconf 90' lang='lat' dir='ltr'>pemodnm</span> <span class='ocrx_word' id='word_1_228' title='bbox 336 4080 456 4145; x_wconf 91' lang='lat' dir='ltr'>mirans</span> <span class='ocrx_word' id='word_1_229' title='bbox 494 4080 714 4163; x_wconf 89' lang='lat' dir='ltr'>posthabitam</span> <span class='ocrx_word' id='word_1_230' title='bbox 751 4101 820 4146; x_wconf 88' lang='lat' dir='ltr'>esse</span> <span class='ocrx_word' id='word_1_231' title='bbox 851 4101 871 4146; x_wconf 89' lang='lat' dir='ltr'>a</span> <span class='ocrx_word' id='word_1_232' title='bbox 904 4079 1025 4145; x_wconf 90' lang='lat' dir='ltr'>lunone</span> <span class='ocrx_word' id='word_1_233' title='bbox 1058 4081 1131 4146; x_wconf 89' lang='lat' dir='ltr'>aliis</span> <span class='ocrx_word' id='word_1_234' title='bbox 1164 4081 1298 4146; x_wconf 93' lang='lat' dir='ltr'>urbibus</span> 
     </span>
     <span class='ocr_line' id='line_1_38' title="bbox 131 4178 1299 4265; baseline 0.002 -21"><span class='ocrx_word' id='word_1_235' title='bbox 131 4178 316 4261; x_wconf 90' lang='lat' dir='ltr'>magnificis.</span> <span class='ocrx_word' id='word_1_236' title='bbox 359 4180 448 4246; x_wconf 92' lang='lat' dir='ltr'>ldem</span> <span class='ocrx_word' id='word_1_237' title='bbox 480 4183 632 4265; x_wconf 84' lang='lat' dir='ltr'>exprimit</span> <span class='ocrx_word' id='word_1_238' title='bbox 660 4182 827 4247; x_wconf 87' lang='lat' dir='ltr'>Iuvenalis.</span> <span class='ocrx_word' id='word_1_239' title='bbox 875 4182 1064 4265; x_wconf 83' lang='lat' dir='ltr'>Complures</span> <span class='ocrx_word' id='word_1_240' title='bbox 1093 4181 1189 4246; x_wconf 91' lang='lat' dir='ltr'>urbes</span> <span class='ocrx_word' id='word_1_241' title='bbox 1219 4205 1299 4265; x_wconf 91' lang='lat' dir='ltr'>opu-</span> 
     </span>
     <span class='ocr_line' id='line_1_39' title="bbox 129 4282 1299 4368; baseline 0.002 -22"><span class='ocrx_word' id='word_1_242' title='bbox 129 4282 232 4348; x_wconf 87' lang='lat' dir='ltr'>lentas</span> <span class='ocrx_word' id='word_1_243' title='bbox 256 4303 295 4348; x_wconf 89' lang='lat' dir='ltr'>an</span> <span class='ocrx_word' id='word_1_244' title='bbox 317 4283 503 4366; x_wconf 83' lang='lat' dir='ltr'>magnificas</span> <span class='ocrx_word' id='word_1_245' title='bbox 524 4286 713 4352; x_wconf 91' lang='lat' dir='ltr'>nominatim</span> <span class='ocrx_word' id='word_1_246' title='bbox 736 4285 840 4365; x_wconf 86' lang='lat' dir='ltr'>affert,</span> <span class='ocrx_word' id='word_1_247' title='bbox 863 4285 1020 4368; x_wconf 90' lang='lat' dir='ltr'>imprimis</span> <span class='ocrx_word' id='word_1_248' title='bbox 1043 4285 1182 4363; x_wconf 87' lang='lat' dir='ltr'>Samum,</span> <span class='ocrx_word' id='word_1_249' title='bbox 1215 4305 1299 4366; x_wconf 89' lang='lat' dir='ltr'>quae</span> 
     </span>
    </p>
   </div>
   <div class='ocr_carea' id='block_1_3' title="bbox 0 0 1548 4846">
    <p class='ocr_par' dir='ltr' id='par_1_15' title="bbox 0 0 1548 4846">
     <span class='ocr_line' id='line_1_40' title="bbox 0 0 1548 4846; baseline 0 0"><span class='ocrx_word' id='word_1_250' title='bbox 0 0 1548 4846; x_wconf 95' lang='lat' dir='ltr'> </span> 
     </span>
    </p>
   </div>
  </div>
 </body>
</html>
