3054 4846
754 280 775 343 8

180 469 238 536 aut
260 466 393 540 mutatis
415 463 526 532 formis
548 462 717 547 uerbisque
745 465 894 532 inserere
939 463 1093 534 Conferre
1114 464 1284 549 Lucretio
1306 463 1353 531 111

180 587 207 630 v.
229 565 308 632 stc:
331 567 402 634 Non
424 568 452 632 si
474 571 563 634 terra
585 567 665 632 mari
689 566 873 634 miscebitur
896 573 1039 632 struere
1061 567 1168 644 coel03

193 722 197 731 .
265 665 359 750 Verg.
382 666 489 736 Acml
511 689 539 734 v.
558 668 629 746 133,
647 667 724 736 134:
745 667 813 734 lam
836 666 961 734 coelum
983 673 1168 752 terramque
1190 689 1261 736 meo
1280 669 1355 736 sios

181 769 314 838 numine
334 770 423 836 renti
444 768 596 845 Miscere;

266 873 345 940 Aeo.
367 870 394 936 V
418 894 445 935 v.
468 870 542 949 790,
565 872 644 937 791:
667 871 770 938 mario
791 871 900 940 omnia
920 870 1010 938 coelo
1033 871 1170 940 Miscuit

209 1004 212 1010 ¹
266 972 332 1040 lui.
353 979 411 1040 set
434 971 469 1040 ΙΙ,
487 995 516 1038 v.
530 973 586 1058 252
609 972 687 1051 Quis
710 972 831 1062 coelum
855 974 949 1040 terris
970 994 1034 1040 uon
1057 973 1190 1042 minent
1211 981 1244 1040 et
1266 995 1357 1042 marc

182 1074 272 1140 coelo

263 1174 330 1244 luv.
352 1181 412 1247 sat.
436 1176 479 1244 Vl
500 1199 528 1242 r.
551 1176 624 1256 283,
647 1176 729 1244 284:

590 1278 707 1347 clames
729 1277 806 1347 licet
828 1284 861 1344 et
881 1299 970 1348 mare
993 1279 1081 1346 coelo

437 1378 632 1457 confundas,
654 1379 749 1450 homo
772 1400 850 1448 sum

267 1483 356 1565 Quae
377 1483 477 1566 igitur
497 1479 593 1548 huius
615 1481 664 1548 vel
686 1481 772 1547 illius
795 1484 910 1565 poetae
933 1489 1009 1548 sunt
1022 1483 1165 1567 proprie,
1188 1481 1356 1548 difficilius

182 1586 342 1655 interdum
365 1584 608 1668 distinguuntur
628 1583 671 1648 ab
692 1583 746 1664 iis,
777 1603 862 1668 quse
884 1587 1054 1668 petitarum
1075 1590 1152 1652 suut
1173 1584 1356 1652 communia

182 1689 242 1767 ito,
267 1694 304 1754 ut
325 1705 555 1772 nonnunquam
576 1684 669 1763 locis,
699 1685 815 1768 quibus
836 1686 974 1754 multatio
995 1686 1192 1768 illustretur,
1219 1685 1353 1754 dubium

180 1795 233 1872 sit,
256 1796 364 1859 utrum
386 1789 493 1874 posta,
516 1785 573 1873 qui
594 1788 717 1870 primns
738 1807 847 1854 versus
869 1788 1036 1872 scripserit
1056 1809 1098 1854 eo
1121 1788 1190 1870 eius
1209 1788 1354 1854 imitator

181 1891 304 1961 iontem
332 1890 518 1978 praebuerit
548 1889 634 1959 uude
666 1894 780 1972 postea
809 1890 928 1957 iterum
959 1889 1041 1958 clius
1074 1891 1173 1974 putta
1204 1889 1354 1968 imitandi

183 1992 331 2078 exemplu
352 1993 542 2063 desumeret
576 1991 695 2059 Verum
717 1990 834 2074 quibus
856 1991 934 2058 loeis
955 1991 1042 2074 apud
1065 2013 1163 2061 uuum
1178 1991 1357 2058 alterumve

183 2098 313 2180 po'e'tem
335 2115 430 2164 versu
450 2093 579 2161 heroico
601 2113 710 2172 usum,
745 2091 834 2160 velut
854 2093 1033 2172 Lucanum,
1069 2095 1125 2180 qui
1153 2100 1224 2163 erat
1245 2099 1355 2162 estete

182 2197 269 2264 inter
285 2195 460 2279 Vergilium
482 2200 516 2266 et
535 2193 718 2262 quenalem
740 2196 931 2273 intermissa,
954 2195 1084 2265 eaedem
1106 2202 1205 2281 etque
1219 2195 1355 2264 Iurene·

183 2298 289 2366 lianae
326 2296 521 2366 imitationes
559 2297 765 2366 invenientur
807 2303 1057 2368 cousentaneum
1097 2306 1147 2366 est
1182 2299 1356 2366 satirarum

183 2401 333 2485 scriptori
361 2399 518 2484 neglectis
545 2399 682 2468 aliorum
709 2399 864 2484 exemplis
893 2399 1139 2484 praeclarissimi
1168 2389 1252 2469 illius
1276 2399 1355 2468 Ver·

183 2503 253 2588 gilii
274 2504 396 2587 scriptu
417 2508 495 2572 ente
517 2500 626 2568 oculos
648 2499 756 2568 fuisse.

211 2667 213 2677 ,
269 2605 376 2688 Atque
408 2605 591 2676 Iuvenalem
621 2602 754 2686 Vergilii
786 2624 887 2690 opero
927 2604 1160 2673 studiosissime
1192 2603 1355 2688 lectitasse

185 2710 263 2794 ipsis
284 2709 401 2786 setiris,
424 2709 457 2776 iu
480 2705 598 2790 quibus
618 2705 714 2773 huius
736 2710 853 2791 poetae
882 2707 1098 2790 compluribus
1120 2707 1198 2776 locis
1219 2707 1356 2776 mentio·

184 2831 257 2888 nem
280 2810 369 2888 facit,
390 2811 470 2880 satis
490 2809 692 2894 perspicitur.
736 2807 819 2876 Nam
841 2815 875 2875 et
896 2816 955 2878 set
971 2808 1014 2877 Vl
1036 2832 1064 2875 v.
1080 2809 1152 2888 435,
1176 2807 1236 2878 Vll
1257 2830 1286 2873 v.
1301 2809 1355 2889 69,

183 2912 230 2978 IX
258 2935 287 2978 v.
312 2912 374 2978 180
405 2931 529 2980 summo
560 2930 633 2978 cum
659 2911 839 2982 reverentia
866 2909 1000 2994 Vergilii
1029 2932 1142 2980 nomen
1175 2909 1288 2989 affert,
1323 2917 1357 2982 et
1423 2915 1426 2922 '

185 3014 472 3096 sat.1v.162sq.
495 3013 564 3080 eius
595 3033 695 3097 opere
725 3019 967 3090 commemorat,
998 3018 1031 3077 et
1057 3013 1098 3078 de
1129 3012 1239 3079 multis
1260 3013 1357 3080 rebus

187 3116 275 3193 dicit,
298 3109 379 3197 quas
402 3113 458 3181 ille
479 3120 631 3198 accurate
653 3123 687 3180 et
713 3115 891 3198 praecipua
918 3136 990 3180 cum
1013 3119 1179 3181 venustate
1201 3115 1358 3201 depinxit.

187 3217 279 3282 Adde
302 3215 390 3300 quod
412 3223 471 3283 set.
488 3215 548 3283 VII
570 3240 598 3283 v.
614 3218 676 3284 227
700 3217 780 3282 dicit
801 3216 934 3300 Vergilii
955 3238 1054 3303 opere
1074 3217 1108 3282 iu
1129 3217 1246 3285 scholis
1268 3237 1359 3284 usur·

187 3325 367 3403 petresse,
396 3319 481 3386 unde
503 3317 595 3404 pueri
618 3319 830 3387 institutionis
852 3323 951 3402 utque
973 3319 1162 3386 eruditionis
1182 3317 1360 3401 primordia

188 3422 376 3507 reciperent.
425 3419 493 3486 Nec
519 3421 643 3487 mirum.
694 3419 855 3504 Vergilius
883 3422 968 3488 enim
996 3419 1143 3488 (laeseris
1171 3427 1205 3487 et
1232 3419 1360 3489 Maece-

187 3525 272 3591 natis
293 3525 399 3606 gratia
420 3543 576 3590 summum
597 3529 763 3590 assecutus
785 3523 922 3607 glorium
944 3524 1021 3590 inde
1042 3544 1083 3589 ex
1098 3522 1235 3606 Augusti
1250 3526 1359 3591 astute

188 3626 405 3712 amplissimus
441 3631 474 3690 et
509 3624 741 3694 illustrissimus
777 3624 960 3694 habebatur
992 3627 1106 3709 poem,
1145 3624 1235 3700 cuius
1268 3620 1360 3692 libris

189 3729 383 3811 posteriores
415 3729 530 3811 politae
563 3732 724 3812 apparatu
758 3731 850 3809 quasi
882 3727 1009 3812 politico
1045 3724 1236 3803 utebantur,
1273 3724 1360 3792 uude

189 3828 385 3906 locutiones,
422 3829 693 3912 comparationes,
730 3829 962 3913 descriptiones
989 3829 1136 3894 insnum
1169 3847 1262 3892 usum
1289 3847 1360 3892 rer·

190 3936 306 3996 terent.

194 4088 421 4096 ..μ-...ἣ

263 4169 283 4238 ⁷)
303 4168 413 4224 Lucreti
428 4167 490 4223 cari
506 4168 542 4224 de
560 4186 651 4224 rerum
669 4175 767 4226 natura
784 4171 850 4225 libri
868 4186 916 4225 sex

193 4273 248 4312 rec.
265 4255 385 4312 lacobus
404 4255 575 4325 Bernsyeius.
