3054 4846
704 253 747 317 23

123 435 285 501 volucres
313 437 424 520 itaque
453 441 518 502 iam
547 436 610 503 hac
638 437 673 502 in
695 459 731 503 re
754 437 946 522 metaphora
966 437 1156 516 adhibetur,
1190 445 1224 504 et
1244 438 1311 503 Iur.

125 542 198 603 eat.
223 538 250 603 V
274 561 301 602 v.
318 539 389 619 142,
415 539 489 604 143:

669 641 738 723 ipse
760 639 884 726 loquaci

288 740 451 807 Gaudebit
472 742 558 824 aido,

125 841 190 908 ubi
213 842 319 909 tribus
340 845 448 929 pneris
470 847 556 910 natis
579 843 770 927 significatio
791 844 918 910 inditur
940 846 1056 923 „nidus
1077 847 1229 932 loquax“.

222 961 282 1028 Vel
304 964 402 1030 etiam
421 963 634 1029 imitationem
656 965 702 1029 ita
716 963 897 1029 adhibitam
913 965 1068 1044 videmus,
1092 973 1129 1032 ut
1150 968 1310 1034 sententia

127 1065 174 1130 de
198 1071 289 1130 certa
310 1086 448 1151 persona
467 1064 518 1130 vel
544 1085 580 1131 re
608 1071 665 1131 aut
694 1066 827 1151 propria
856 1067 1017 1149 quaedam
1040 1066 1148 1135 efficta
1169 1089 1191 1134 a
1212 1075 1310 1153 poeta

125 1167 297 1232 imitatore
331 1165 491 1232 translata
522 1167 588 1233 sint
622 1167 665 1232 ad
697 1167 778 1233 alias
816 1188 969 1251 personas
1003 1169 1054 1234 vel
1091 1169 1212 1237 alienas
1249 1191 1309 1236 res.

127 1269 229 1346 Quod
251 1269 422 1352 probatum
443 1267 658 1351 intellegimus
680 1289 749 1334 esse
771 1270 967 1353 comparatis
989 1269 1056 1336 lur.
1072 1277 1131 1336 sat.
1148 1271 1193 1336 VI
1213 1271 1310 1337 v.50:

286 1371 412 1436 Paucae
434 1369 515 1435 adeo
539 1369 661 1436 Cereris
681 1372 774 1436 vittas
797 1372 974 1457 coatiapere
997 1372 1113 1456 dignae

130 1477 168 1538 et
189 1471 286 1555 Verg.
308 1472 388 1538 Aen.
410 1470 441 1535 11
463 1493 490 1537 v.
510 1471 585 1538 166:

283 1572 449 1656 Virgineus
470 1575 540 1639 ansi
560 1573 651 1638 dicae
673 1576 848 1659 coutiapere
871 1575 974 1640 uittas.

218 1692 457 1777 Nonnunquam
494 1693 737 1761 translationem
775 1693 885 1777 effingi
925 1693 1211 1760 animadvertimus
1251 1695 1307 1773 ita,

129 1801 168 1861 ut
191 1796 280 1878 quod
301 1794 491 1879 plerumque
512 1817 668 1880 personae
696 1798 740 1864 sit
760 1797 943 1880 proprium,
975 1796 1019 1861 ad
1040 1815 1109 1861 rem
1128 1794 1305 1860 inanimam

129 1896 361 1974 transferatur,
394 1918 551 1981 personae
577 1907 685 1965 autem
713 1899 879 1982 proprium
906 1896 996 1963 nulla
1018 1898 1086 1962 cius
1108 1895 1197 1962 faeta
1219 1917 1305 1962 com·

129 2002 361 2066 memoratione
383 1999 511 2066 lectoris
532 2002 638 2066 animo
660 1999 857 2066 obversetur.
902 1999 1010 2083 Atque
1032 2001 1101 2065 eius
1123 1998 1210 2064 modi
1232 1997 1305 2062 imi·

130 2103 215 2169 tatio
236 2100 445 2169 Iuvenaliana
465 2101 559 2168 nobis
581 2101 722 2169 occurrit
743 2105 803 2166 sat.
826 2099 885 2165 VlI
906 2123 935 2166 v.
950 2102 1003 2179 41,
1025 2101 1084 2167 42:

646 2201 769 2268 ferrata
790 2202 932 2285 domus,

283 2305 321 2370 In
342 2326 409 2389 qna
428 2305 578 2370 sollicites
599 2307 746 2370 imitatur
766 2304 864 2370 ianua
882 2310 1002 2388 poetas,

133 2427 231 2492 quam
269 2407 440 2491 imaginem
474 2407 646 2473 satirarum
686 2407 824 2491 scriptor
856 2426 895 2470 ex
927 2405 984 2471 illo
1017 2405 1088 2471 loco
1121 2404 1306 2489 Vergiliano

61 2600 67 2620 ι
133 2511 207 2576 Aen.
231 2508 290 2574 Vll
311 2532 339 2576 v.
355 2509 416 2575 617
440 2508 603 2575 effinxisse
623 2508 769 2576 videtur:

64 2621 67 2628 '
283 2611 372 2677 More
393 2611 565 2677 iubebatur
585 2610 754 2692 tristesque
775 2610 943 2676 recludere
961 2613 1082 2692 portos.

215 2729 289 2795 Alia
317 2731 464 2812 exempla
490 2731 555 2796 buc
583 2729 780 2807 referamus,
819 2728 936 2811 quibus
969 2727 1011 2793 ab
1040 2733 1178 2812 utroque
1206 2732 1304 2813 podta

132 2833 276 2900 notiones
296 2831 340 2898 ad
361 2853 413 2898 res
433 2833 592 2898 inanimes
613 2830 869 2908 transferuutur,
897 2851 980 2914 quae
1011 2830 1200 2914 plerumque
1230 2853 1302 2896 eum

133 2934 311 3001 hominibus
331 2934 382 3000 vel
403 2934 595 3001 animalibus
623 2937 850 3000 conectuntur:
883 2931 977 3015 Verg.
1001 2930 1116 3015 Georg.
1137 2931 1157 2996 Ι
1178 2955 1205 2999 v.
1221 2935 1301 3000 514:

278 3056 376 3120 aeque
397 3036 488 3101 cadit
514 3057 629 3102 curras
649 3035 783 3101 habenas

134 3146 166 3206 et
184 3138 249 3206 Iuv.
271 3145 331 3206 sat.
352 3137 427 3204 XIV
448 3160 476 3203 v.
491 3139 569 3204 231:
1231 3229 1233 3232 Δ

280 3239 458 3322 Curriculo,
479 3261 575 3324 quem
597 3242 624 3305 si
646 3257 785 3316 revoces,
806 3237 969 3302 subsistere
990 3236 1096 3300 nescit.

212 3360 319 3442 Atque
346 3359 640 3445 splendidissimum
666 3358 746 3423 illud
777 3355 986 3440 comparandi
1015 3375 1117 3438 genus
1138 3379 1178 3424 ac
1199 3363 1299 3428 ratio·

134 3483 218 3540 nem,
248 3483 313 3544 qna
341 3461 499 3528 Homerus
526 3460 668 3545 Vergilio
696 3461 817 3544 optimo
846 3459 910 3524 init
935 3459 1098 3542 exemplo,
1129 3469 1299 3545 praestan-

134 3565 247 3630 tissime
269 3563 430 3630 Iuvenalis
451 3564 595 3629 imitatus
617 3569 667 3628 est
688 3584 761 3628 cum
783 3561 940 3628 scriberet
960 3565 1021 3626 sat.
1044 3559 1060 3624 1
1080 3583 1109 3626 r.
1125 3563 1176 3642 42,
1198 3564 1255 3630 43:

810 3685 821 3726 1

277 3766 399 3832 Palleat
419 3773 456 3832 at
476 3766 571 3833 nudis
591 3766 705 3850 pressit
726 3669 781 3851 petii
793 3683 945 3831 sciremus
967 3783 1101 3848 nequem

135 3893 342 3954 transmutato
364 3886 459 3970 Verg.
481 3886 559 3952 Aen.
580 3885 611 3950 Il
631 3907 660 3950 v.
676 3884 749 3962 379,
772 3882 850 3950 380:

276 3988 486 4073 Improvisum
508 3989 612 4072 aspris
634 3985 730 4051 celati
751 3986 808 4070 qai
829 3987 972 4053 sentibus
994 4007 1127 4072 capuam

276 4089 396 4156 Pressit
416 4091 504 4156 humi
525 4092 633 4155 nitens
654 4089 861 4174 trepidasque
882 4094 1007 4174 repente
1028 4087 1155 4176 rescipit.

210 4210 392 4276 Similitudo
414 4210 490 4276 inde
512 4211 592 4276 satis
615 4211 735 4289 elucet,
769 4209 856 4294 quod
886 4215 1021 4292 uterque
1051 4211 1149 4293 poeta
1170 4209 1294 4276 timoris
1332 4278 1334 4281 ,
