3054 4846
738 303 778 364 41

176 491 216 552 ad
248 511 315 552 rem
338 487 431 550 rilem
461 493 494 550 et
524 486 703 550 ridiculam.
749 485 908 569 Vergilius
930 485 1078 550 iuvenem
1101 486 1142 550 ab
1166 484 1276 548 Aenea
1299 485 1348 548 iu·

175 597 369 673 teremptum
404 588 572 665 describit,
608 588 698 650 euius
734 589 863 668 sanguis
893 589 1038 665 „sinum“
1066 589 1119 670 qui
1150 592 1198 652 est
1224 591 1346 668 peetus,

174 691 319 774 implevit
341 690 389 755 vel
412 690 570 771 irrigavit,
606 690 666 752 nisi
694 688 834 753 alienum
858 697 922 768 aet,
956 691 1033 772 quin
1057 689 1222 773 proprium
1243 688 1347 751 sinum

174 795 271 859 vestis
294 794 479 875 cogitamus.
523 790 684 856 luvenalis
706 810 781 854 vero
803 811 894 856 voees
917 793 964 856 ita
986 790 1143 864 adhibuit,
1173 795 1211 854 nt
1233 786 1345 865 ‚,sinu“

174 897 252 960 retis
281 895 370 960 sinus
399 893 598 974 exprimatur
629 897 661 955 et
683 891 876 968 ‚‚rhombus“
905 892 977 957 loeo
1005 892 1211 973 „sanguinis“
1235 890 1348 972 Vergi-

174 996 252 1060 liani
280 999 490 1076 supponatur.
541 994 774 1076 Argumentum
806 995 905 1076 igitur
937 996 969 1057 in
999 992 1168 1058 ridiculum
1197 997 1246 1057 est
1275 1011 1349 1054 eon-

175 1119 300 1162 versum
323 1096 427 1160 forma
448 1101 625 1173 reservata,
657 1095 743 1177 quod
771 1095 899 1177 quidem
922 1096 1075 1177 perediae
1098 1094 1266 1178 proprium
1288 1099 1348 1157 est.

261 1198 349 1262 Idem
372 1197 630 1280 splendidissime
652 1197 810 1279 probatur
832 1197 859 1261 si
881 1217 1101 1279 comparemus
1123 1200 1183 1260 sat.
1201 1193 1227 1257 V
1245 1215 1271 1259 v.
1286 1193 1346 1257 42:

407 1298 579 1381 praeclare
602 1298 651 1362 illi
672 1298 824 1362 laudatur
847 1298 946 1380 iaspis

177 1408 210 1466 et
233 1400 328 1483 Verg.
352 1403 428 1464 Aen.
450 1398 494 1463 IV
517 1422 544 1462 v.
561 1401 634 1477 261,
657 1399 735 1464 262:

413 1510 511 1583 atque
534 1502 582 1566 illi
603 1502 749 1567 stellatus
774 1500 895 1584 iaspide
914 1499 1006 1581 fulua

328 1603 421 1669 Ensis
443 1610 523 1668 erat.

262 1704 324 1768 Per
355 1704 465 1768 ludum
496 1727 535 1772 ao
552 1706 667 1768 -iooum
692 1703 849 1768 luvenalis
872 1725 979 1769 vocem
1003 1705 1142 1787 „iaspis“
1165 1728 1185 1770 a
1208 1706 1348 1789 Vergilio

175 1805 398 1888 depromptam
423 1807 528 1889 lepide
551 1807 708 1882 adhibuit,
732 1812 764 1869 et
786 1806 872 1886 quali
895 1827 1021 1887 gemma
1041 1808 1205 1890 ,‚iaspide“
1222 1809 1348 1873 Aeneae

175 1907 301 1988 gladius
326 1915 410 1972 esset
433 1915 574 1986 ornatus,
598 1907 695 1972 talem
713 1907 857 1973 Virronis
878 1906 1001 1991 pooulis
1024 1929 1092 1973 esse
1117 1908 1246 1973 affixam
1271 1910 1350 1974 dicit

176 2029 280 2090 eaque
309 2009 348 2072 de
377 2030 475 2075 eausa
497 2030 605 2073 vooem
638 2014 834 2091 assumptam
857 2009 1011 2093 parodiae
1034 2010 1138 2075 instar
1160 2014 1276 2076 satirae
1299 2014 1349 2075 in-

176 2111 286 2173 seruit.
332 2110 468 2176 Parodia
491 2112 698 2176 continuatur
720 2111 776 2175 ubi
798 2112 932 2194 legimus
955 2118 1012 2175 sat
1037 2111 1065 2174 V
1088 2135 1115 2176 v.
1130 2115 1181 2190 44,
1206 2114 1263 2178 45:
1321 2141 1323 2148 ⁴

481 2213 615 2294 quasin
640 2212 772 2294 vaginae
795 2213 901 2277 fronte
924 2212 1050 2278 solebat

326 2311 450 2377 Ponere
472 2313 619 2397 zelotypo
641 2315 764 2381 iuvenis
785 2315 947 2399 praelatus
969 2314 1084 2378 Iarbae

177 2436 272 2497 quem
296 2414 401 2479 looum
424 2415 626 2480 conferamus
649 2437 720 2480 oum
744 2416 838 2498 Verg.
859 2417 937 2480 Aen.
959 2416 1003 2480 IV
1025 2439 1052 2480 v.
1070 2416 1125 2482 36:

640 2517 798 2601 despectus
820 2515 932 2581 Iarbas

263 2619 325 2682 Res
359 2617 495 2682 ridicula
524 2639 560 2684 eo
589 2619 689 2702 magis
726 2619 903 2700 effingitur,
941 2620 1028 2701 quod
1058 2618 1217 2684 Iuvenalis
1248 2619 1351 2684 facete

177 2721 306 2786 larbam
322 2720 545 2803 ‚‚zelotypum“
567 2721 711 2804 appellat
733 2726 766 2785 et
788 2741 897 2786 rooem
913 2721 1121 2804 „praelatus“
1143 2722 1349 2805 respondenti

176 2823 390 2906 „despeotus“
413 2823 555 2905 opponit.

261 2925 307 2988 Au
329 2924 424 2989 simili
449 2926 545 2990 modo
568 2924 703 3006 parodia
724 2922 932 2988 luvenaliana
955 2931 1083 2990 exstare
1106 2927 1246 3002 videtur,
1278 2948 1348 2991 oum

176 3030 236 3090 sat.
258 3025 284 3089 V
308 3049 334 3089 v.
349 3026 390 3090 80
412 3027 530 3108 squilla
552 3025 752 3093 describatur
774 3024 862 3091 hisee
884 3027 1003 3091 verbis:

328 3127 454 3209 Aspioe,
478 3149 577 3210 quam
598 3129 686 3210 lonpo
709 3126 1010 3210 amendarpecrore
1032 3128 1166 3194 lancem.

262 3227 332 3304 Quo
369 3227 439 3294 loeo
474 3229 633 3294 Iuvenalis
671 3230 739 3293 sine
778 3228 875 3293 dubio
911 3231 1053 3311 respexit
1085 3231 1127 3294 ad
1162 3229 1350 3314 Georgii(

177 3350 206 3392 v.
230 3329 304 3393 164:

328 3439 361 3496 et
382 3431 502 3516 liquido
525 3431 705 3496 distendunt
727 3437 851 3495 uectore
873 3432 980 3510 cellas,

177 3531 315 3613 indeque
338 3532 470 3597 verbum
493 3533 719 3611 „distendere‘
749 3533 980 3616 transfigurata
1007 3535 1143 3599 materia
1167 3533 1350 3617 Vergiliana

178 3636 352 3717 assumpsit
375 3641 408 3698 et
431 3637 589 3699 convertit
612 3635 653 3699 ad
678 3655 744 3698 rem
767 3633 935 3699 ludioram.

262 3735 378 3824 Mirum
402 3740 452 3800 est
472 3735 555 3800 haee
577 3737 678 3800 satira
705 3737 819 3818 quinta
848 3738 1034 3820 saepissime
1062 3737 1199 3819 parodia
1228 3742 1349 3806 reourri

177 3835 220 3899 ad
242 3835 328 3902 looos
352 3836 562 3920 Vergilianos,
587 3837 643 3919 qui
665 3858 773 3902 omnes
795 3839 1001 3903 inveniuntur
1022 3841 1055 3903 in
1072 3839 1151 3903 Aen.
1168 3838 1221 3903 IV.
1253 3841 1350 3924 Lepi-

178 3937 307 4001 dissime
336 3939 420 4002 enim
450 3945 483 4004 et
515 3959 633 4020 magna
665 3959 738 4003 eum
766 3939 871 4003 ironia
892 3939 1055 4006 Iuvenalis
1085 3939 1193 4012 saar
1225 3965 1252 4008 v.
1280 3943 1348 4020 138,

181 4038 257 4102 139:

520 4142 627 4208 nullus
649 4141 704 4204 ria·
721 4141 875 4224 paruolae
897 4143 974 4206 autu

329 4241 458 4306 Isuserit
480 4244 603 4308 Aeaeus
