3054 4846
766 285 806 348 39

118 535 120 539 ,
199 464 285 530 diam
308 466 445 542 effinxit,
468 466 547 548 quia
566 467 711 548 epitheta
733 469 947 552 significantia
968 489 990 534 a
1009 425 1150 551 Vergilio
1171 469 1214 534 ed
1237 467 1373 545 hastam

84 595 86 600 ·
200 589 265 650 qna
298 567 425 642 Turnus
457 566 650 635 fortissimus
683 569 804 638 Actora
839 573 1023 639 Auruncum
1059 569 1270 653 spoliaverat,
1307 590 1373 651 qus

198 668 392 737 Rutulorum
413 668 563 754 princeps
585 670 802 753 gloriabatur,
833 672 993 742 translata
1021 671 1172 738 adhibuit
1193 671 1236 742 ad
1257 693 1372 756 specu»

198 771 274 848 lum,
298 792 362 854 quo
386 772 564 854 impudicus
587 780 621 838 et
641 775 777 858 ignavus
801 773 1025 848 delectabatur
1049 772 1144 848 Otho.
1352 835 1355 844 Α

284 873 444 956 Deinceps
466 874 530 940 hue
551 876 723 944 revocandi
745 883 821 944 sunt
842 874 908 942 inv.
929 881 990 952 sat
1011 873 1059 943 ul
1081 897 1110 940 v.
1125 877 1176 956 39,
1199 877 1256 948 4οι
1279 933 1286 950 „
1358 941 1361 948 ,

349 974 467 1054 Quales
489 997 530 1040 ex
551 975 668 1042 humili
686 997 802 1060 mopso
823 979 867 1042 ad
885 976 1020 1058 feoipio
1041 995 1158 1052 rerem.
1225 1049 1228 1052 ,
1358 1030 1360 1034 ,

348 1077 474 1154 Extulit
495 1080 621 1160 quoties
643 1079 744 1147 voluit
764 1077 909 1147 Fortuna
931 1078 1030 1146 ioeeri
1281 1129 1284 1139 .

200 1184 234 1245 et
256 1177 349 1262 Verg.
371 1179 451 1244 Aen.
472 1180 488 1245 1
509 1202 537 1248 v.
551 1180 628 1249 342:
660 1180 717 1246 sed
739 1200 862 1247 summo
884 1199 1002 1262 sequar
1020 1178 1155 1263 foetore
1176 1200 1292 1246 rerrrrn.

230 1325 232 1331 -
282 1278 443 1347 Iuvenalis
464 1282 497 1348 iu
520 1302 611 1348 voees
634 1303 779 1360 „sermore
801 1281 931 1364 fastigia
952 1288 1080 1350 rerum“
1109 1283 1209 1356 iocari
1234 1282 1371 1359 ridetur,

199 1381 316 1466 quibus
345 1381 501 1466 Vergilius
529 1384 707 1467 praecipua
736 1383 891 1451 historiae
921 1382 1089 1467 Tyriorum
1119 1389 1282 1458 momente
1313 1383 1372 1450 de·

199 1486 316 1567 signat,
338 1505 409 1550 oum
433 1485 501 1567 ipse
519 1505 668 1567 magnam
684 1486 913 1555 auctoritatem
928 1484 977 1558 vel
993 1485 1183 1568 dignitatem
1199 1485 1371 1569 exprimat,

199 1586 362 1668 adquam
384 1585 528 1658 homines
550 1587 708 1668 ignobiles
723 1587 844 1655 Romae
866 1608 927 1664 uon
952 1589 1051 1653 invita
1071 1587 1218 1657 Fortuna
1238 1603 1373 1670 progre-

199 1687 339 1756 diantur.
383 1685 495 1770 Neque
518 1688 652 1756 dubium
665 1696 741 1770 est,
772 1691 849 1772 quin
878 1689 959 1754 illud
981 1689 1114 1774 Vergilii
1136 1689 1373 1760 hemistichium

199 1810 273 1858 eum
295 1790 398 1868 ironia
420 1790 602 1860 inseruerit.

284 1891 352 1958 Iam
386 1892 488 1958 multo
522 1891 695 1961 dilucidius
726 1900 866 1976 apparet
898 1894 1082 1961 Iuvenalem
1114 1893 1243 1962 iocandi
1274 1910 1372 1962 eausa

197 1995 358 2059 imitatum
381 2014 450 2059 esse
473 1993 660 2077 Vergilium,
682 2016 755 2060 oum
778 1995 932 2064 scriberet
951 2001 1013 2062 set.
1040 1994 1086 2060 111
1107 2017 1134 2060 v.
1153 1995 1222 2074 198,
1248 1996 1325 2062 reas

441 2097 505 2160 iam
527 2096 632 2178 poscit
652 2117 771 2179 aquam
792 2097 860 2162 iero
881 2096 996 2164 frivola
1017 2096 1172 2164 censere

355 2197 515 2281 Ucalegon.
1096 2227 1098 2235 v

281 2299 459 2378 illustravit
482 2301 566 2369 enim
589 2299 771 2366 incondium
799 2299 888 2366 urbis
912 2300 1047 2374 Romae,
1079 2319 1146 2382 que
1167 2300 1201 2364 in
1225 2300 1371 2384 descrip-

198 2404 285 2467 tione
309 2423 380 2466 oum
402 2403 506 2467 ironia
527 2402 665 2467 recurrit
687 2409 814 2467 etcum
844 2401 990 2474 irrisione
1012 2402 1055 2468 ad
1076 2401 1369 2484 praeclarissimum

197 2504 286 2569 illum
311 2504 442 2587 Vergilii
463 2503 578 2580 locum,
602 2525 667 2586 quo
688 2504 766 2569 Aen.
786 2502 819 2568 ll
841 2525 868 2568 v.
882 2504 956 2579 311,
978 2503 1058 2568 312:

660 2605 726 2670 iem
747 2605 912 2688 proximus
934 2605 1029 2674 ardet

354 2708 546 2793 Ucalegon

196 2812 311 2883 Troiae
338 2812 426 2888 urbis
453 2811 615 2878 excidium
648 2810 802 2893 depingit
852 2753 987 2890 Neque
995 2826 1069 2874 vero
1091 2806 1251 2877 iuvenalis
1280 2808 1369 2876 illam

197 2913 330 2996 Vergilii
352 2913 595 2980 translationem
616 2911 802 2996 „Ucalegon
824 2911 939 2978 ardet“
968 2909 1075 2975 idt
1025 2914 1075 2975 eet
1095 2909 1230 2986 ,domus
1253 2909 1370 2978 Ucale-

197 3027 273 3100 gont
274 3018 302 3084 is
261 3017 438 3082 tardet“
405 3017 606 3082 timitstus
628 3023 693 3092 ιιι,
723 3013 780 3083 sed
809 3013 948 3096 perodio
975 3010 1102 3076 nomine
1116 3011 1227 3081 selem
1250 3011 1368 3082 Ucale-

197 3120 303 3204 goetis
326 3118 573 3185 demonstretur.

283 3219 539 3286 Praeclarissime
576 3217 731 3302 perediae
766 3235 868 3298 genus
897 3213 1056 3283 Iuvenalis
1092 3213 1258 3292 adhibuit,
1286 3236 1368 3288 eum

196 3326 365 3406 poetarum
389 3323 550 3405 epicorum
573 3318 837 3385 consuetudinem
859 3316 1021 3386 effinxerit
1040 3323 1100 3385 sat.
1114 3314 1158 3389 IV
1181 3337 1208 3380 r
1224 3316 1368 3382 34-36:

351 3423 459 3506 incipe
481 3421 630 3505 Calliope,
651 3421 727 3491 licet
749 3427 782 3500 et
804 3419 973 3496 considere,
995 3439 1058 3485 non
1081 3423 1131 3484 est
1170 3457 1172 3462 ·

352 3524 562 3606 euocandum,
584 3545 636 3588 ros
658 3543 734 3587 vere
755 3522 873 3604 egitur,
894 3525 1027 3586 narrate
1048 3516 1176 3602 puellae

349 3625 509 3706 Pieros·
531 3626 634 3710 prosit
656 3624 736 3690 mihi
756 3643 810 3690 roe
831 3622 949 3689 dixisse
970 3620 1103 3704 puellas.

282 3727 372 3793 Licet
393 3728 446 3793 hie
466 3727 555 3794 locus
576 3727 619 3795 ab
635 3728 671 3792 0.
685 3723 861 3790 Ribbeekio
883 3724 916 3788 in
938 3742 1069 3790 numero
1083 3718 1367 3803 interpolationem

198 3828 356 3894 habeatur
367 3833 419 3914 ³⁰),
449 3836 557 3895 tamen
580 3830 648 3894 eius
671 3828 857 3893 coniectura
877 3824 971 3890 nobis
992 3844 1054 3888 non
1078 3819 1241 3906 probatur.
1285 3820 1367 3886 Nam

267 4085 299 4152 ⁸⁰)
323 4084 354 4139 0.
377 4085 515 4142 Ribbeck:
545 4086 599 4140 Der
625 4083 705 4140 echte
736 4083 790 4136 und
817 4081 868 4136 der
897 4049 1015 4136 rnechte
1042 4076 1159 4132 Juvenal
1185 4091 1212 4144 p.
1236 4046 1289 4128 83.
1318 4074 1368 4130 Die

196 4172 369 4228 seherehefte
386 4173 533 4242 Aoruleng
552 4173 602 4228 der
621 4171 716 4226 Mosen
736 4170 862 4238 dagegen
881 4168 918 4238 [p.
938 4167 972 4220 34
984 4164 1025 4234 a]
1042 4163 1117 4218 kann
1135 4162 1182 4218 ioh
1198 4161 1273 4220 mich
1289 4161 1369 4220 nieht

196 4259 339 4314 enthelten
356 4259 401 4315 ιιι
418 4259 543 4331 ιιρρίιιιι
560 4277 594 4316 au
612 4259 745 4314 erkltren.
776 4257 814 4312 Es
831 4255 869 4312 ist
886 4253 1015 4312 decerne
1033 4249 1221 4322 heltungelose
1232 4248 1368 4308 Taumeln
