3054 4846
692 327 730 391 19

115 506 299 591 respiciens
320 507 411 574 illum
432 511 511 576 Aen.
533 510 578 576 IX
601 532 628 576 v.
645 512 703 577 92:

272 607 380 675 Prosit
401 612 519 678 nostrie
541 613 576 677 in
598 611 760 678 montibus
782 620 876 678 orias.

205 729 348 796 Imitatio
377 731 461 796 enim
491 733 674 797 continetur
703 753 779 798 voce
802 733 946 816 „prosit“
968 753 990 798 a
1010 731 1151 814 Vergilio
1184 730 1297 797 festive

115 849 274 913 expressa
295 837 329 897 et
351 832 432 898 mira
454 835 692 924 constructione
715 835 871 913 adhibita,
898 835 944 909 id,
975 833 1063 916 quod
1084 834 1150 899 iam
1170 833 1297 899 Biichc-

115 931 207 998 lerue
227 934 276 998 uir
298 933 501 1000 doctissimus
527 933 759 1002 demonstravit
792 935 832 1001 ci.
854 936 1009 1002 Bursian:
1042 935 1294 1012 Jahresbcrichu

115 1033 245 1099 XXVII
273 1057 303 1119 p.
327 1035 378 1101 65.

206 1135 442 1221 Saepenumero
463 1137 564 1221 lepidi
585 1137 744 1206 Iuvenalis
773 1140 836 1206 ioci
857 1141 1031 1224 praecipue
1054 1139 1097 1204 ud
1118 1139 1293 1206 venitatem

114 1241 352 1306 sententiarum
377 1239 428 1306 vel
457 1238 640 1306 fabularum
669 1242 869 1326 politicarum
901 1248 1066 1326 spectent,
1101 1263 1183 1324 quae
1206 1243 1294 1308 deri-

14 1411 15 1414 ,
115 1343 218 1408 dendi
239 1343 361 1409 nullam
383 1343 616 1426 praetermittit
637 1345 848 1410 occasionem.

202 1461 255 1528 Ita
276 1461 436 1546 Vergilius
457 1464 491 1527 in
513 1464 592 1528 Aen.
615 1461 662 1527 111
684 1485 713 1528 v.
728 1463 915 1529 390-39‘22

266 1564 404 1634 Litoreis
425 1565 538 1647 ingene
558 1565 689 1631 invento
709 1565 769 1632 sub
791 1564 917 1631 ilicibus
939 1583 992 1628 eus

265 1667 411 1750 Triginta
434 1667 576 1750 cupitum
598 1667 683 1734 letus
705 1669 799 1734 enixa
819 1667 948 1734 iacebat

265 1768 356 1851 Aba,
379 1769 446 1834 eolo
468 1771 635 1846 recubene,
659 1768 726 1836 albi
747 1769 867 1835 circum
888 1769 990 1834 ubera
1012 1769 1092 1834 neti.

112 1871 308 1936 sententiam
330 1871 551 1956 pervulgatam
572 1872 723 1956 exprimit
746 1877 972 1953 ostentumque
1002 1871 1192 1949 illustravit,
1223 1891 1289 1953 quo

114 1973 244 2039 Aeneae
265 1972 343 2038 olim
364 1974 538 2059 navigandi
560 1974 632 2039 finis
654 1972 761 2039 lactus
783 1979 876 2040 essct.

200 2091 250 2156 Ad
272 2113 368 2176 quem
390 2092 494 2158 locum
516 2091 700 2159 Iuvenalem
722 2093 883 2177 respicere
904 2097 1006 2177 patet,
1037 2113 1108 2158 cum
1131 2113 1190 2176 pro
1212 2113 1288 2158 voce

113 2201 210 2273 „sns“
233 2194 403 2260 ridiculam
423 2194 511 2260 illem
528 2195 674 2274 „scroia“
698 2202 799 2279 ponat
821 2195 1029 2279 fabulamque
1052 2197 1084 2260 in
1107 2215 1198 2262 suam
1220 2216 1288 2262 rem

112 2295 290 2362 transierat
311 2302 370 2362 sat
392 2295 437 2360 VI
458 2318 486 2361 v.
512 2298 588 2363 177:

264 2400 370 2481 Atque
392 2398 506 2466 eadem
526 2397 634 2480 scrofa
655 2397 757 2464 Niobe
779 2397 947 2464 fecundior
968 2397 1047 2463 aba.

198 2517 270 2584 Huc
297 2517 467 2584 referenda
494 2525 543 2584 eet
570 2539 630 2583 vox
662 2517 913 2602 „hyperboreis“
945 2538 965 2583 a
987 2515 1127 2602 Vergilio
1158 2517 1300 2604 egregie

113 2622 203 2687 dicta
225 2620 341 2705 Georg.
363 2619 411 2685 111
432 2641 459 2685 v.
478 2620 547 2700 196,
571 2619 646 2685 197:

264 2723 375 2802 Qualis
396 2721 595 2808 hyperboreis
617 2722 726 2805 aquilo
749 2742 822 2786 cum
844 2721 962 2787 (leneus
984 2719 1028 2786 ab
1049 2723 1114 2788 orie

261 2825 421 2891 Incubuit.

111 2949 208 3012 quam
229 2948 337 2994 vocem
358 2925 518 2992 Iuvenalis
547 2946 620 2990 cum
648 2927 808 3004 iocatione
837 2924 979 3007 quadam
1000 2923 1110 3006 lepida
1132 2926 1164 2989 in
1186 2945 1281 3009 grae·

112 3051 182 3097 cam
202 3035 390 3113 usurpatam
412 3033 578 3094 mutuatus
600 3048 670 3093 esse
691 3027 820 3093 videtur
841 3031 901 3091 eat.
924 3023 968 3090 VI
989 3047 1016 3090 v.
1031 3025 1110 3090 470:

260 3131 343 3196 Exul
365 3128 588 3216 hyperberorum
611 3129 638 3195 ei
661 3129 845 3193 dimittatur
866 3126 909 3192 erl
931 3146 1035 3192 axem

193 3252 301 3332 Atque
335 3250 368 3314 in
401 3248 555 3314 eiusmodi
588 3248 803 3313 imitationum
836 3246 1115 3313 Iuvenalianerum
1147 3269 1279 3315 numero

112 3351 276 3418 ducendae
297 3356 374 3417 sunt
394 3370 488 3416 voces
507 3351 540 3415 in
563 3356 623 3417 sat.
646 3348 692 3414 VI
710 3371 738 3416 r.
752 3348 816 3414 485
838 3354 1017 3416 exstantes:

256 3450 379 3516 intonet
400 3451 593 3516 torrendum

110 3555 297 3638 quibuscum
318 3552 463 3620 conferas
484 3554 562 3618 Aen.
583 3553 652 3618 XII
673 3575 702 3618 v.
718 3553 796 3617 700:

256 3655 510 3737 horrendumque
532 3656 655 3720 intonat
677 3656 782 3721 armis.

191 3775 302 3842 Liceat
323 3774 414 3840 nobis
437 3773 578 3857 denique
605 3773 670 3839 hnc
699 3772 820 3840 referre
843 3773 1114 3857 comparationem
1135 3779 1170 3837 et
1192 3776 1278 3840 inter

110 3877 172 3943 Iuv.
197 3883 258 3943 eat
279 3874 342 3941 XII
362 3897 389 3941 v.
406 3876 458 3953 31,
481 3876 539 3942 32:

255 3977 423 4043 Alternum
445 3977 563 4061 puppis
584 3976 670 4044 letus
692 3974 908 4042 evertentibus
923 3972 1019 4039 undis

254 4078 388 4143 Arboris
408 4080 560 4145 incertae.

110 4187 140 4246 et
159 4180 257 4264 Verg.
279 4181 358 4247 Aen.
379 4179 407 4244 V
430 4201 456 4245 v.
471 4180 549 4244 504:

253 4282 296 4346 Et
318 4283 407 4346 venit
428 4281 636 4366 aduersisque
656 4280 803 4364 infigitur
824 4278 935 4343 arbore
956 4277 1041 4344 moli.

1006 4401 1022 4450 2
1033 4399 1049 4431 1(
