3054 4846
727 275 769 340 36

246 463 354 545 Atque
374 461 529 544 originem
552 467 587 526 et
607 465 831 543 argumentum
847 461 1001 544 parodica
1018 458 1218 543 effingendae
1232 461 1335 544 scrip-

162 569 248 628 tores
280 569 451 629 traxerunt
489 564 644 646 imprimis
685 562 726 628 de
763 563 867 645 poetis
903 559 1042 628 heroicis
1074 560 1266 644 Homeroll)
1301 567 1335 626 et

161 663 303 730 Hesiodo
314 667 368 749 ¹⁶),
389 662 507 730 deinde
529 663 570 730 de
591 667 775 748 podmatum
791 662 1098 748 dithyrambicorum
1113 663 1334 747 scriptoribus,

162 767 337 852 praecipue
360 764 503 844 Ginesia,
537 765 730 844 Philoxeno,
763 764 919 845 Pindaro,
955 765 1106 848 qnoniam
1141 765 1335 832 elocutiones

162 869 277 936 horum
314 871 483 952 poetarum
515 868 683 952 propriae,
721 867 892 950 imagines,
929 869 1198 951 comparationes,
1237 889 1336 951 genus

163 969 292 1036 dicendi
326 968 462 1036 sublime
493 975 525 1034 et
558 969 778 1052 magnificum,
817 969 1049 1053 cogitationum
1085 968 1264 1053 amplitudo
1303 975 1337 1035 et

161 1071 365 1139 abundantia
388 1089 503 1137 causae
526 1075 628 1150 erant,
652 1091 711 1137 cur
731 1070 875 1154 parodiis
897 1070 1131 1138 deriderentur.

248 1190 371 1270 Quibus
394 1191 498 1256 oansis
520 1189 611 1258 ducti
632 1196 708 1256 sunt
722 1191 819 1255 etiam
829 1189 965 1255 Romani
978 1193 1104 1274 poetae,
1127 1190 1183 1271 qui
1198 1191 1337 1272 parodia

163 1295 212 1360 uti
234 1291 382 1358 solebant
403 1291 469 1358 sive
492 1293 525 1357 in
541 1291 756 1369 commoediis,
779 1290 867 1357 velut
881 1291 1049 1370 Plautinis,
1073 1293 1137 1356 siva
1159 1292 1193 1356 in
1216 1293 1335 1370 satiris,

164 1393 337 1477 inquibus
363 1394 501 1459 maxime
531 1413 600 1459 eam
631 1393 781 1460 adhibuit
802 1393 1038 1475 Petronius28),
1072 1393 1216 1472 Persius,
1246 1393 1338 1459 Iuve-

164 1496 262 1574 nalis,
298 1496 364 1561 sive
396 1495 429 1559 in
462 1496 534 1561 aliis
567 1495 778 1572 carminibus,
811 1495 926 1577 quibus
957 1515 1186 1578 saepenumero
1215 1495 1338 1561 alienos

165 1619 275 1664 versus
297 1595 425 1662 iocandi
447 1617 547 1663 causa
569 1598 709 1663 intextos
735 1617 805 1663 osse
833 1596 1063 1680 intellegimus,
1098 1598 1184 1680 quod
1207 1598 1337 1680 quidem

164 1697 319 1782 exemplis
344 1697 503 1784 probatur
529 1697 617 1764 velut
645 1699 839 1770 carminibus
866 1698 1026 1782 Priapeia,
1059 1699 1191 1783 Vergilii
1218 1701 1337 1785 Ecloga

164 1801 258 1886 X’l),
280 1801 406 1867 ceteris.

252 1922 403 1985 Attamen
418 1919 556 2002 parodia
568 1918 795 1998 Romanorum,
819 1921 845 1984 si
861 1919 1004 1986 Graecae
1018 1920 1172 2004 perediae
1189 1930 1337 1988 naturam

167 2029 201 2088 ot
229 2021 387 2086 rationem
418 2021 668 2103 comparaveris,
697 2021 803 2098 rudis,
834 2025 1058 2105 incomposita,
1087 2044 1200 2107 parum
1230 2025 1338 2092 faceta

167 2129 231 2202 est,
266 2122 366 2187 multo
399 2124 501 2206 magis
532 2123 622 2188 iocus
650 2121 832 2201 illiberalis,
866 2125 1019 2203 acerbus,
1054 2147 1117 2208 quo
1148 2129 1180 2190 in
1208 2132 1336 2210 poetam

168 2225 355 2291 cauillantes
381 2223 577 2290 invehuntur
607 2225 786 2290 imitatores
815 2245 954 2309 raroque
981 2227 1108 2310 lepidae
1137 2227 1274 2296 facetiae
1304 2239 1338 2296 et

168 2327 359 2394 ieshritates
381 2325 598 2409 proferuntur.

254 2444 349 2528 Apud
373 2443 515 2509 Graecos
536 2464 611 2509 vero
637 2444 804 2526 parodiam
833 2444 927 2528 longe
956 2447 1052 2512 aliter
1075 2452 1283 2532 compositam
1306 2458 1339 2517 et

168 2550 350 2616 institutam
377 2564 447 2610 esse
474 2543 626 2609 videmus.
675 2544 778 2610 Multo
805 2549 889 2611 enim
920 2549 1116 2630 subtiliores,
1151 2553 1338 2631 festiviores,

170 2650 271 2733 magis
291 2647 426 2731 lepidae,
449 2646 614 2729 politiores
634 2652 709 2713 suut
725 2648 922 2714 Graecorum
937 2652 1132 2719 imitationes
1148 2655 1341 2737 parodiacae

170 2771 274 2834 neque
295 2750 400 2814 minus
422 2767 633 2831 permagnum
655 2751 776 2831 ingenii
797 2771 930 2816 acumen
955 2774 1034 2835 prae
1050 2755 1216 2821 scierunt.
1250 2757 1341 2832 Quod

172 2853 343 2920 discrimen
379 2849 517 2914 maxime
554 2850 694 2931 positum
731 2870 800 2916 esse
837 2851 964 2917 videtur
1000 2855 1031 2918 in
1068 2856 1178 2922 formis
1214 2859 1342 2938 linguae

171 2975 306 3041 gracum
337 2951 493 3036 propriis,
527 2971 612 3032 quae
640 2953 825 3036 aptissimae
855 2961 950 3020 eraut
977 2956 1019 3020 ad
1049 2959 1259 3024 excolendum
1280 2956 1342 3021 hoo
1409 2947 1411 2952 ’

171 3055 320 3123 imitandi
341 3073 449 3136 genus

254 3173 370 3254 ltaque
403 3169 570 3254 parodiam
603 3172 763 3236 exstitisse
799 3174 832 3236 in
866 3177 1011 3243 omnibus
1043 3181 1217 3243 carminum
1247 3198 1343 3260 gene-

173 3277 278 3352 ribus,
308 3263 483 3357 praecipue
510 3273 543 3336 in
573 3273 811 3355 epigrammatis
836 3281 869 3339 et
892 3279 1095 3344 commoediis
1118 3279 1346 3344 animadverti·

174 3399 260 3456 mus,
292 3377 326 3442 in
354 3374 470 3456 quihus
500 3373 615 3455 tragici
642 3379 772 3456 poetae,
803 3377 976 3458 praecipue
998 3378 1173 3464 Aeschylus
1196 3387 1229 3444 et
1250 3380 1346 3444 Euri-

174 3483 267 3568 pides
289 3477 386 3543 derisi
408 3480 484 3539 sunt
505 3474 683 3538 imitatione
707 3476 976 3556 petulantissima.

248 3736 280 3802 ²⁴)
297 3730 461 3789 Buchwald:
480 3730 582 3784 Homer
600 3730 629 3784 in
646 3730 765 3785 Lucians
783 3709 928 3787 Schriften.
965 3736 1085 3791 Goerlita
1106 3742 1182 3796 1874.

247 3824 281 3890 ²⁵)
300 3821 327 3874 C.
353 3817 384 3871 0.
411 3817 523 3872 Miiller:
558 3816 724 3872 (leschichta
755 3819 805 3872 der
836 3821 1027 3888 griechischen
1057 3823 1211 3880 Litteratur
1245 3829 1268 3881 1.
1295 3827 1348 3882 Bd.

178 3930 206 3982 p.
226 3913 285 3974 165,
310 3904 442 3960 Anmsrlr.
462 3905 505 3971 55,
530 3907 553 3958 3.
572 3903 695 3974 Auflage.

190 3998 194 4003 '
248 3997 281 4058 ⁹⁶)
300 3990 487 4047 Gottschlicht
505 3990 546 4044 De
563 3991 685 4059 parodiis
696 3991 816 4047 Senecae
831 3996 903 4063 apud
919 3996 1087 4054 Petronium.
1109 3999 1348 4053 Miscellaneorum

179 4083 407 4159 philologiccrum
425 4077 521 4143 libelli,
540 4075 652 4132 Breelau
673 4081 748 4147 1863,
767 4098 794 4149 p.
813 4084 855 4136 26.

250 4170 284 4238 ²¹)
302 4167 335 4223 G.
360 4167 476 4220 Genera:
503 4163 554 4217 Die
578 4165 675 4218 ashnte
700 4166 807 4236 Eklcge
829 4169 950 4237 Vergils,
983 4171 1044 4226 sine
1072 4174 1195 4230 perndie,
1242 4173 1349 4229 verde„

183 4261 261 4315 1864.
