3054 4846
711 271 752 336 27

140 453 280 518 nomina
317 461 496 520 mutuatum
532 454 658 522 fabulas
694 477 766 523 oum
801 456 843 522 iis
876 463 948 525 arte
982 460 1169 526 ooniuuotas
1208 459 1319 542 paucis

141 553 280 620 vooibus
301 556 469 624 indicasse.

232 655 301 723 Iam
329 679 430 744 supra
458 659 743 726 demonstravimus
763 659 946 728 Iuvenalem
974 683 1204 746 nonnunquam
1225 683 1320 729 voees

140 759 351 842 Vergilianas
372 761 480 827 satiris
501 763 672 828 inseruisse
693 783 868 847 earumque
890 785 951 830 usn
973 764 1082 848 lepide
1095 767 1234 831 iooatum
1249 785 1319 832 esse

141 864 179 927 In
204 862 348 929 divinum
370 868 508 946 potitam.
550 863 587 929 lu
609 871 670 930 sat.
685 863 760 930 VIII
782 886 808 930 r.
827 867 888 932 120
909 865 1069 932 Iuvenalis
1089 867 1187 933 talem
1209 889 1318 934 rooem

140 965 282 1051 abipso
304 965 445 1048 Vergilio
466 971 656 1050 usurpatam
677 967 710 1031 in
732 988 799 1033 rem
821 988 912 1033 auam
934 969 1178 1035 transmutavit:

300 1067 379 1134 Cum
400 1075 514 1135 tenues
535 1089 639 1152 nuper
660 1067 782 1135 Marius
803 1070 988 1134 disdnrar't
1010 1070 1112 1163 Afros

141 1190 251 1252 eaque
279 1191 357 1237 vooe
394 1170 624 1250 ,‚disoinxerit“
659 1192 718 1255 pro
754 1172 979 1257 ‚,spoIIaverit“
1016 1177 1174 1256 usurpata
1209 1171 1317 1256 lepide

62 1305 67 1326 ι
131 1272 291 1340 -imitatus
312 1279 362 1341 est
384 1273 478 1357 Verg.
500 1273 578 1339 Aen.
600 1271 676 1338 VIII
695 1295 723 1339 v.
739 1275 818 1339 724:

490 1377 655 1443 diseiactos
676 1376 834 1442 Mulorlrer
854 1377 964 1459 Afros

233 1477 313 1546 Gum
345 1483 454 1546 autern
486 1499 595 1545 vooem
628 1499 649 1544 a
681 1477 821 1561 Vergilio
855 1479 1079 1563 depromptam
1117 1479 1317 1556 ooniuuxerit

142 1601 250 1664 aeque
271 1587 371 1663 atque
391 1579 446 1646 ille
469 1583 567 1664 potita
588 1602 664 1648 vooe
687 1580 835 1661 „Afros“‚
869 1581 948 1647 satis
976 1587 1115 1665 apparet
1139 1581 1225 1648 hano
1246 1582 1318 1648 imi-

142 1684 303 1748 tationem
324 1703 388 1752 uon
410 1685 575 1767 superiore
597 1684 668 1750 loeo
690 1684 909 1750 disserendam
931 1683 1039 1761 fuisse,
1067 1683 1125 1777 sed
1146 1683 1212 1750 hue
1232 1683 1284 1750 ref
1302 1722 1317 1734 -

142 1785 288 1864 rendam,
313 1784 368 1851 ubi
391 1784 431 1850 de
446 1785 627 1852 nominibus
649 1794 840 1871 exponatur,
863 1805 947 1868 quae
967 1784 1128 1852 Iuvenalis
1150 1791 1316 1854 mutuatus

143 1889 197 1954 sit.

232 1991 375 2056 Eandem
397 1991 544 2057 imitandi
566 1991 723 2057 rationem
746 1989 912 2055 luvenalis·
925 1989 1074 2057 observat
1097 2009 1169 2056 oum
1191 1995 1253 2056 sat.
1269 1989 1316 2056 XI

143 2117 173 2158 v.
188 2095 239 2172 60,
262 2096 317 2158 61:

296 2195 474 2261 Nemeum
495 2197 538 2262 sis
560 2195 692 2262 eonviva
713 2194 791 2261 mihi
813 2193 990 2278 promissus
1012 2192 1148 2260 habebis

296 2295 490 2362 fflmndrum

231 2398 448 2483 Vergilianum
475 2400 693 2466 narrationem
727 2398 760 2463 in
788 2398 865 2464 Aen.
886 2396 961 2463 VIII
991 2399 1170 2481 expositam
1202 2397 1315 2464 leviter

144 2503 289 2585 attigerit
318 2501 438 2584 illoque
470 2503 510 2567 de
536 2501 626 2568 fonte
654 2521 770 2566 nomen
797 2499 942 2566 Euandri
975 2506 1142 2567 mutuatus
1172 2498 1316 2566 fabulam

143 2605 255 2688 pauois
277 2604 529 2682 adumbraverit,
553 2603 728 2688 praeeipue
751 2602 925 2685 respioieus
947 2623 975 2666 v.
1001 2603 1078 2666 100:

292 2713 362 2772 tum
385 2727 437 2773 res
458 2707 572 2789 inopes
595 2703 773 2770 Essondrus
792 2703 944 2770 habebat.

229 2809 343 2874 Restat
364 2814 402 2873 nt
422 2807 484 2873 hoo
505 2813 539 2872 iu
560 2828 693 2874 numero
714 2807 878 2874 nominum
892 2827 914 2872 a
927 2804 1069 2888 Vergilio
1085 2805 1315 2872 translatorum

145 2910 299 2976 duoamus
334 2910 464 2975 fluvium
501 2908 715 2988 Clitumnum,
762 2909 818 2992 qui
853 2911 1123 2974 eommemoratur
1156 2914 1217 2974 sat.
1253 2908 1315 2974 XII

144 3033 172 3077 v.
195 3012 248 3078 13:

290 3115 392 3181 Laeta
413 3114 471 3180 sed
492 3115 664 3180 ostendens
687 3111 840 3177 Clitumni
860 3131 983 3195 pasena
1004 3112 1143 3196 sanguis.

228 3217 320 3284 Lieet
340 3215 538 3282 fertiIIssIma
558 3217 615 3282 illa
636 3215 735 3298 regio,
758 3233 854 3296 quam
871 3212 1051 3280 Clitumnus
1068 3213 1186 3279 flumen
1199 3214 1314 3296 irrigat

146 3317 318 3402 fabulaque
350 3321 380 3385 ei
414 3339 536 3385 oouexa
567 3317 714 3384 omnibus
736 3316 889 3382 Romanis
926 3317 1062 3384 eruditis
1097 3322 1174 3382 nota
1205 3316 1313 3394 luerit,

145 3427 250 3487 tamen
272 3443 336 3487 uon
358 3426 408 3487 est
431 3441 489 3485 our
511 3421 684 3485 satirarum
706 3420 857 3503 scriptori
878 3439 942 3486 uon
958 3418 1145 3486 obversatus
1160 3419 1203 3484 sit
1216 3417 1313 3501 Verg.

146 3521 258 3606 Georg.
279 3522 310 3586 ll
331 3544 358 3588 r.
378 3523 447 3598 146,
473 3522 548 3586 147:

294 3623 377 3689 Hinc
397 3622 472 3701 albi,
495 3621 647 3688 Clitumna
668 3642 782 3707 greges
802 3627 837 3688 et
858 3621 1000 3688 maxima
1020 3627 1134 3689 murus

291 3724 430 3791 Viotima
451 3745 548 3808 saepe
570 3733 627 3791 tuo
648 3724 771 3808 pertusi
793 3721 924 3789 flumina
947 3744 1049 3790 saoro.

227 3826 352 3892 Fabula
379 3832 487 3893 autem
516 3826 654 3893 dooebat
679 3846 788 3891 omnes
818 3845 930 3908 greges
952 3827 1073 3892 oiroum
1094 3825 1213 3893 flumen
1235 3849 1311 3910 pas·

147 3935 249 3996 antes
285 3928 425 4010 indeque
461 3949 579 4011 aquam
614 3927 801 3993 haurientes
837 3926 928 3994 albos
964 3929 1115 4006 evadere,
1153 3931 1186 3996 id
1223 3930 1310 4014 quod

146 4029 299 4096 Iuvenalis
320 4031 430 4112 attigit
450 4036 511 4095 sat.
533 4029 562 4093 X
585 4050 613 4094 v.
630 4029 679 4106 65,
702 4030 757 4094 66:

291 4130 363 4198 Duo
383 4132 417 4196 iu
440 4130 600 4215 Capitolia
620 4151 772 4214 magnum

291 4231 520 4316 t'retatumque
539 4233 655 4301 bovem
