3054 4846
796 283 836 348 18

317 468 367 535 Ab
392 467 448 536 illa
475 467 624 534 imitandi
649 469 793 547 ratione,
826 488 891 551 que
920 469 1078 537 luvenalis
1111 474 1215 536 totam
1248 471 1405 536 sermonis

229 571 385 655 originem
405 569 457 636 rel
478 569 620 636 locorum
643 570 846 653 quorundam
867 570 1003 637 colorem
1027 592 1047 638 a
1068 570 1209 654 Vergilio
1232 571 1403 656 depromp-

227 676 286 753 sit,
321 675 387 742 alia
409 675 573 757 discrepat
598 673 818 757 aliquantum,
851 693 934 756 quae
963 674 1145 740 continetur
1173 673 1305 740 uocibus
1327 674 1403 758 qui-

228 775 363 844 busdum
384 776 427 843 ab
448 774 505 840 illo
526 777 622 860 polita
651 796 724 842 cum
749 782 844 842 acute
870 782 939 841 tum
960 773 1074 840 festive
1097 775 1200 843 dictis.
1243 775 1403 844 quenalis

228 880 313 946 enim
342 878 461 945 multas
490 900 584 947 voces
614 879 664 946 vel
694 877 892 945 elocutiones
920 876 1050 944 festivas
1073 877 1214 966 Vergilio
1236 885 1403 946 mutuatus

227 981 275 1046 ita
301 983 439 1047 mutavit
467 987 501 1048 et
531 982 697 1060 adhibuit,
730 985 769 1046 ut
798 979 907 1046 satiris
934 979 1000 1046 suis
1027 981 1269 1048 accommodare
1292 983 1402 1066 possit

227 1081 329 1149 rosa
350 1083 473 1150 scilicet
495 1085 655 1163 satiricus,
683 1083 803 1166 quippe
826 1081 883 1165 qui
904 1081 1040 1148 Neronis
1067 1088 1101 1149 et
1122 1081 1296 1149 Domitiani
1318 1091 1403 1148 teme

226 1205 308 1270 pora
328 1185 454 1263 uiderit,
477 1206 549 1252 eum
571 1205 682 1252 omnes
702 1204 756 1250 res
777 1189 811 1250 et
831 1182 980 1267 publicae
1002 1190 1036 1250 et
1049 1184 1244 1251 domesticae
1258 1205 1402 1269 pessum·

227 1283 383 1353 darentur
415 1287 631 1370 vitiorumque
663 1305 758 1354 omne
785 1305 888 1369 genus
919 1286 985 1352 iam
1017 1287 1050 1352 iu
1082 1286 1254 1370 praecipiti
1288 1294 1401 1368 staret,

227 1387 361 1472 Vergilii
382 1408 475 1456 voces
490 1408 721 1472 nonnunquam
735 1387 951 1473 lepidissimus
965 1393 999 1452 et
1012 1387 1135 1454 iocosae
1150 1388 1198 1454 ita
1216 1391 1402 1475 assumpsit,

225 1496 264 1556 ut
289 1488 452 1556 interdum
480 1511 607 1558 summa
635 1493 702 1559 eius
729 1490 908 1573 indignatio
929 1494 964 1555 et
985 1490 1035 1556 ira
1055 1489 1205 1574 patefiet,
1237 1511 1302 1557 uon
1323 1513 1400 1558 raro

224 1592 329 1658 ironia
349 1591 510 1674 quaedam
534 1591 661 1660 eluceat
680 1597 830 1677 spectans
859 1591 901 1657 ad
930 1611 1120 1675 generosum
1148 1591 1239 1658 illum
1260 1597 1400 1677 politam.

310 1710 358 1778 Ao
387 1711 526 1796 primum
560 1712 692 1795 quidem
730 1712 909 1796 comparari
945 1710 1078 1777 velimus
1110 1711 1204 1796 Verg.
1237 1713 1315 1779 Aen.
1350 1713 1399 1778 XI

224 1834 254 1880 v·
275 1811 357 1878 424⁰
374 1935 433 1981 cnr
454 1921 526 1980 onte
546 1915 653 1981 tabum
675 1921 797 1982 tremor
818 1919 957 1999 occupat
979 1920 1072 1981 artus

224 2016 708 2097 mmmstfflffl:

371 2181 377 2196 ,
593 2119 712 2186 Tecum
733 2120 823 2204 prius
846 2139 922 2203 ergo
944 2118 1054 2184 voluta

371 2220 462 2288 Haec
483 2222 590 2288 anime
612 2229 685 2288 onte
707 2220 805 2287 tabas.

307 2342 453 2426 Apparet
485 2340 527 2407 ab
560 2347 699 2425 unoque
731 2343 829 2425 poeta
867 2339 998 2406 vocibus
1035 2348 1132 2419 „ante
1164 2342 1298 2409 tubam“
1332 2345 1397 2411 siue

122 2487 129 2501 s
224 2449 322 2522 „ante
343 2442 460 2509 tubas“
482 2443 610 2509 initium
640 2442 715 2510 belli
740 2442 915 2526 designari,
952 2463 1035 2524 quae
1066 2447 1260 2529 metonymia
1289 2448 1396 2512 nescio

223 2565 266 2611 an
294 2544 383 2629 apud
413 2544 536 2630 priores
569 2565 634 2610 non
665 2545 848 2610 inveniatur
879 2544 1062 2628 scriptores.
1116 2546 1187 2624 Qua
1217 2567 1294 2613 voce
1324 2569 1396 2614 cum

223 2646 385 2732 Vergilius
407 2647 529 2732 primus
550 2648 598 2713 ita
619 2668 698 2714 usus
720 2667 789 2714 esse
810 2645 967 2726 videatur,
990 2668 1054 2713 non
1070 2648 1183 2713 dubito
1200 2649 1394 2717 contendere

222 2748 278 2814 illo
299 2749 371 2815 loco
393 2748 566 2815 satirarum
589 2749 779 2831 scriptorem
801 2749 974 2814 recurrisse
996 2749 1038 2815 ad
1061 2749 1192 2834 Vergilii
1215 2771 1349 2819 versum.

308 2867 377 2936 Iam
404 2865 579 2951 aVergilii
604 2866 758 2951 loquendi
791 2888 852 2934 usu
883 2888 948 2933 non
981 2869 1167 2953 discrepare
1199 2871 1397 2939 arbitramur

223 2970 317 3036 illum
338 2971 445 3036 locum
465 2969 500 3034 in
521 2974 582 3035 sat.
603 2967 637 3032 H
657 2990 686 3033 ι.
703 2969 759 3035 65:

375 3071 439 3138 Sed
462 3070 540 3154 quid
560 3092 624 3137 non
644 3069 766 3152 facient
788 3069 853 3150 alii,
877 3091 947 3134 com
969 3079 1005 3138 tu
1028 3074 1172 3142 multicia
1194 3097 1301 3143 sumas

224 3193 320 3256 quem
351 3173 518 3259 scripsisse
545 3173 675 3239 ridetur
700 3194 764 3239 non
794 3173 861 3239 sine
887 3172 974 3240 illius
996 3177 1142 3260 exemplo
1163 3179 1194 3242 in
1218 3178 1325 3262 Eclog.
1348 3178 1395 3244 111

223 3298 252 3343 v.
277 3276 318 3342 16
339 3276 520 3361 proposito:

376 3376 462 3447 Quid
484 3375 605 3442 domini
625 3373 755 3457 facient,
777 3373 900 3441 audent
922 3395 991 3440 cum
1014 3379 1093 3444 talia
1114 3379 1209 3448 fures.

307 3495 375 3562 Nec
396 3497 583 3562 omittamus
603 3500 663 3561 sat
684 3493 732 3558 III
753 3516 780 3558 v.
800 3497 830 3558 l:

373 3598 523 3677 Quamvis
545 3595 688 3682 dipresau
708 3597 826 3662 ueteris
852 3596 1003 3679 confusus
1024 3600 1118 3666 amici

224 3738 289 3801 quo
310 3718 382 3784 loco
396 3716 555 3782 Iuvenalis
570 3714 773 3799 Vergilianas
795 3715 981 3783 siccationis
1003 3719 1166 3787 studiosus
1187 3728 1263 3789 aute
1285 3725 1394 3792 oculos

223 3819 377 3888 habuisse
399 3817 527 3884 videtur
548 3817 628 3882 Aen.
650 3816 697 3881 111
719 3839 747 3882 u.
761 3817 846 3882 4822<

371 3920 439 3986 Nec
459 3921 564 3985 minus
586 3918 810 3987 Andromache
832 3921 973 4008 diyreccu
995 3929 1113 3989 moesta
1134 3947 1292 4009 supremo.

250 4139 257 4154 ἡ
280 4139 287 4153 .
310 4038 483 4123 Vergilium
515 4038 670 4103 imitando
703 4041 854 4122 exprimit
882 4040 1057 4122 Iuvenalis,
1088 4045 1116 4108 si
1147 4053 1206 4112 sat.
1227 4047 1271 4112 IV
1301 4069 1328 4113 u.
1348 4047 1390 4110 36

220 4139 316 4214 ‘dm'
372 4239 477 4304 eroso
499 4241 577 4307 mni
599 4261 655 4307 vos
678 4241 796 4310 esame
817 4245 957 4330 pueros!
