<?xml version="1.0" encoding="UTF-8"?>
<!DOCTYPE html PUBLIC "-//W3C//DTD XHTML 1.0 Transitional//EN"
    "http://www.w3.org/TR/xhtml1/DTD/xhtml1-transitional.dtd">
<html xmlns="http://www.w3.org/1999/xhtml" xml:lang="en" lang="en">
 <head>
  <title>
</title>
<meta http-equiv="Content-Type" content="text/html;charset=utf-8" />
  <meta name='ocr-system' content='tesseract 3.04.00' />
  <meta name='ocr-capabilities' content='ocr_page ocr_carea ocr_par ocr_line ocrx_word'/>
</head>
<body>
  <div class='ocr_page' id='page_1' title='image "./deiuvenalevergi01gehlgoog_0011.png"; bbox 0 0 3054 4846; ppageno 0'>
   <div class='ocr_carea' id='block_1_1' title="bbox 763 235 783 298">
    <p class='ocr_par' dir='ltr' id='par_1_1' title="bbox 763 235 783 298">
     <span class='ocr_line' id='line_1_1' title="bbox 763 235 783 298; baseline 0 0"><span class='ocrx_word' id='word_1_1' title='bbox 763 235 783 298; x_wconf 88' lang='lat'><strong>6</strong></span> 
     </span>
    </p>
   </div>
   <div class='ocr_carea' id='block_1_2' title="bbox 187 414 1361 1115">
    <p class='ocr_par' dir='ltr' id='par_1_2' title="bbox 187 414 1361 1115">
     <span class='ocr_line' id='line_1_2' title="bbox 273 414 1358 504; baseline -0.004 -20"><span class='ocrx_word' id='word_1_2' title='bbox 273 420 366 498; x_wconf 76' lang='lat' dir='ltr'>Quod</span> <span class='ocrx_word' id='word_1_3' title='bbox 388 421 415 486; x_wconf 90' lang='lat' dir='ltr'>si</span> <span class='ocrx_word' id='word_1_4' title='bbox 438 421 632 504; x_wconf 81' lang='lat' dir='ltr'>quaerimus,</span> <span class='ocrx_word' id='word_1_5' title='bbox 656 440 753 504; x_wconf 87' lang='lat' dir='ltr'>qnam</span> <span class='ocrx_word' id='word_1_6' title='bbox 775 419 817 486; x_wconf 94' lang='lat' dir='ltr'>ob</span> <span class='ocrx_word' id='word_1_7' title='bbox 840 439 906 484; x_wconf 89' lang='lat' dir='ltr'>rem</span> <span class='ocrx_word' id='word_1_8' title='bbox 930 440 1002 483; x_wconf 91' lang='lat' dir='ltr'>cum</span> <span class='ocrx_word' id='word_1_9' title='bbox 1023 415 1111 499; x_wconf 88' lang='lat' dir='ltr'>apud</span> <span class='ocrx_word' id='word_1_10' title='bbox 1127 414 1269 480; x_wconf 88' lang='lat' dir='ltr'>Graecos</span> <span class='ocrx_word' id='word_1_11' title='bbox 1289 420 1358 481; x_wconf 89' lang='lat' dir='ltr'>tum</span> 
     </span>
     <span class='ocr_line' id='line_1_3' title="bbox 187 516 1359 607; baseline -0.005 -19"><span class='ocrx_word' id='word_1_12' title='bbox 187 523 276 607; x_wconf 89' lang='lat' dir='ltr'>apud</span> <span class='ocrx_word' id='word_1_13' title='bbox 299 523 458 588; x_wconf 89' lang='lat' dir='ltr'>Romanos</span> <span class='ocrx_word' id='word_1_14' title='bbox 480 524 654 607; x_wconf 74' lang='lat' dir='ltr'>scriptores</span> <span class='ocrx_word' id='word_1_15' title='bbox 676 528 744 588; x_wconf 90' lang='lat' dir='ltr'>tam</span> <span class='ocrx_word' id='word_1_16' title='bbox 766 521 887 587; x_wconf 87' lang='lat' dir='ltr'>multae</span> <span class='ocrx_word' id='word_1_17' title='bbox 908 519 1113 585; x_wconf 81' lang='lat' dir='ltr'>inveniantur</span> <span class='ocrx_word' id='word_1_18' title='bbox 1135 516 1359 582; x_wconf 70' lang='lat' dir='ltr'>similitudines</span> 
     </span>
     <span class='ocr_line' id='line_1_4' title="bbox 188 620 1360 709; baseline -0.004 -19"><span class='ocrx_word' id='word_1_19' title='bbox 188 632 363 703; x_wconf 90' lang='lat' dir='ltr'>eteorum,</span> <span class='ocrx_word' id='word_1_20' title='bbox 386 625 442 709; x_wconf 92' lang='lat' dir='ltr'>qui</span> <span class='ocrx_word' id='word_1_21' title='bbox 463 631 560 692; x_wconf 90' lang='lat' dir='ltr'>antea</span> <span class='ocrx_word' id='word_1_22' title='bbox 580 627 789 709; x_wconf 90' lang='lat' dir='ltr'>scripserunt,</span> <span class='ocrx_word' id='word_1_23' title='bbox 812 623 1017 699; x_wconf 72' lang='lat' dir='ltr'>imitationes,</span> <span class='ocrx_word' id='word_1_24' title='bbox 1049 625 1135 685; x_wconf 85' lang='lat' dir='ltr'>certe</span> <span class='ocrx_word' id='word_1_25' title='bbox 1157 620 1298 686; x_wconf 91' lang='lat' dir='ltr'>omnium</span> <span class='ocrx_word' id='word_1_26' title='bbox 1321 640 1360 685; x_wconf 89' lang='lat' dir='ltr'>ea</span> 
     </span>
     <span class='ocr_line' id='line_1_5' title="bbox 188 721 1360 811; baseline -0.006 -18"><span class='ocrx_word' id='word_1_27' title='bbox 188 733 239 793; x_wconf 87' lang='lat' dir='ltr'>est</span> <span class='ocrx_word' id='word_1_28' title='bbox 261 729 368 811; x_wconf 92' lang='lat' dir='ltr'>prima</span> <span class='ocrx_word' id='word_1_29' title='bbox 390 747 505 805; x_wconf 89' lang='lat' dir='ltr'>causa,</span> <span class='ocrx_word' id='word_1_30' title='bbox 537 727 625 809; x_wconf 91' lang='lat' dir='ltr'>quod</span> <span class='ocrx_word' id='word_1_31' title='bbox 653 728 749 811; x_wconf 88' lang='lat' dir='ltr'>prisci</span> <span class='ocrx_word' id='word_1_32' title='bbox 781 726 937 792; x_wconf 89' lang='lat' dir='ltr'>sermonis</span> <span class='ocrx_word' id='word_1_33' title='bbox 964 743 1023 790; x_wconf 90' lang='lat' dir='ltr'>nec</span> <span class='ocrx_word' id='word_1_34' title='bbox 1045 743 1136 788; x_wconf 92' lang='lat' dir='ltr'>voces</span> <span class='ocrx_word' id='word_1_35' title='bbox 1158 741 1218 787; x_wconf 89' lang='lat' dir='ltr'>nec</span> <span class='ocrx_word' id='word_1_36' title='bbox 1238 721 1360 788; x_wconf 82' lang='lat' dir='ltr'>formae</span> 
     </span>
     <span class='ocr_line' id='line_1_6' title="bbox 190 822 1361 913; baseline -0.004 -19"><span class='ocrx_word' id='word_1_37' title='bbox 190 830 295 912; x_wconf 88' lang='lat' dir='ltr'>poetis</span> <span class='ocrx_word' id='word_1_38' title='bbox 317 827 511 911; x_wconf 89' lang='lat' dir='ltr'>quibusdam</span> <span class='ocrx_word' id='word_1_39' title='bbox 534 829 761 913; x_wconf 80' lang='lat' dir='ltr'>suppetebant,</span> <span class='ocrx_word' id='word_1_40' title='bbox 783 835 821 893; x_wconf 91' lang='grc' dir='ltr'>ιιι</span> <span class='ocrx_word' id='word_1_41' title='bbox 842 848 882 893; x_wconf 91' lang='lat' dir='ltr'>ea</span> <span class='ocrx_word' id='word_1_42' title='bbox 903 827 1119 910; x_wconf 86' lang='lat' dir='ltr'>exprimerent</span> <span class='ocrx_word' id='word_1_43' title='bbox 1139 822 1254 901; x_wconf 89' lang='lat' dir='ltr'>verbis,</span> <span class='ocrx_word' id='word_1_44' title='bbox 1275 844 1361 906; x_wconf 87' lang='lat' dir='ltr'>quae</span> 
     </span>
     <span class='ocr_line' id='line_1_7' title="bbox 187 927 1360 1013; baseline -0.003 -18"><span class='ocrx_word' id='word_1_45' title='bbox 187 936 295 995; x_wconf 90' lang='lat' dir='ltr'>mente</span> <span class='ocrx_word' id='word_1_46' title='bbox 327 929 529 1013; x_wconf 83' lang='lat' dir='ltr'>cogitabant,</span> <span class='ocrx_word' id='word_1_47' title='bbox 563 931 695 1012; x_wconf 90' lang='lat' dir='ltr'>quade</span> <span class='ocrx_word' id='word_1_48' title='bbox 726 949 824 996; x_wconf 88' lang='lat' dir='ltr'>causa</span> <span class='ocrx_word' id='word_1_49' title='bbox 852 929 895 995; x_wconf 90' lang='lat' dir='ltr'>ad</span> <span class='ocrx_word' id='word_1_50' title='bbox 923 927 1082 1012; x_wconf 84' lang='lat' dir='ltr'>principes</span> <span class='ocrx_word' id='word_1_51' title='bbox 1104 928 1217 1009; x_wconf 75' lang='lat' dir='ltr'>podtas</span> <span class='ocrx_word' id='word_1_52' title='bbox 1239 927 1360 992; x_wconf 88' lang='lat' dir='ltr'>maiore</span> 
     </span>
     <span class='ocr_line' id='line_1_8' title="bbox 187 1027 1113 1115; baseline -0.008 -18"><span class='ocrx_word' id='word_1_53' title='bbox 187 1032 296 1098; x_wconf 92' lang='lat' dir='ltr'>indole</span> <span class='ocrx_word' id='word_1_54' title='bbox 318 1037 416 1115; x_wconf 90' lang='lat' dir='ltr'>atquc</span> <span class='ocrx_word' id='word_1_55' title='bbox 438 1032 566 1115; x_wconf 81' lang='lat' dir='ltr'>ingenio</span> <span class='ocrx_word' id='word_1_56' title='bbox 588 1029 817 1097; x_wconf 87' lang='lat' dir='ltr'>antecedentes</span> <span class='ocrx_word' id='word_1_57' title='bbox 839 1051 873 1096; x_wconf 86' lang='lat' dir='ltr'>se</span> <span class='ocrx_word' id='word_1_58' title='bbox 895 1027 1113 1114; x_wconf 87' lang='lat' dir='ltr'>applicabant.</span> 
     </span>
    </p>
   </div>
   <div class='ocr_carea' id='block_1_3' title="bbox 190 1145 1363 1538">
    <p class='ocr_par' dir='ltr' id='par_1_3' title="bbox 190 1145 1363 1538">
     <span class='ocr_line' id='line_1_9' title="bbox 275 1145 1361 1233; baseline -0.003 -19"><span class='ocrx_word' id='word_1_59' title='bbox 275 1150 409 1215; x_wconf 81' lang='lat' dir='ltr'>Accedit</span> <span class='ocrx_word' id='word_1_60' title='bbox 436 1149 538 1233; x_wconf 91' lang='lat' dir='ltr'>quod,</span> <span class='ocrx_word' id='word_1_61' title='bbox 573 1169 657 1233; x_wconf 88' lang='lat' dir='ltr'>quae</span> <span class='ocrx_word' id='word_1_62' title='bbox 687 1155 736 1215; x_wconf 90' lang='lat' dir='ltr'>est</span> <span class='ocrx_word' id='word_1_63' title='bbox 765 1148 925 1216; x_wconf 88' lang='lat' dir='ltr'>humanae</span> <span class='ocrx_word' id='word_1_64' title='bbox 958 1145 1129 1214; x_wconf 90' lang='lat' dir='ltr'>memoriae</span> <span class='ocrx_word' id='word_1_65' title='bbox 1161 1152 1292 1223; x_wconf 89' lang='lat' dir='ltr'>natura,</span> <span class='ocrx_word' id='word_1_66' title='bbox 1327 1151 1361 1212; x_wconf 87' lang='lat' dir='ltr'>et</span> 
     </span>
     <span class='ocr_line' id='line_1_10' title="bbox 190 1248 1362 1332; baseline -0.003 -14"><span class='ocrx_word' id='word_1_67' title='bbox 190 1253 369 1318; x_wconf 87' lang='lat' dir='ltr'>sententiaa</span> <span class='ocrx_word' id='word_1_68' title='bbox 391 1257 424 1317; x_wconf 91' lang='lat' dir='ltr'>et</span> <span class='ocrx_word' id='word_1_69' title='bbox 446 1251 602 1318; x_wconf 90' lang='lat' dir='ltr'>dictiones</span> <span class='ocrx_word' id='word_1_70' title='bbox 625 1251 774 1330; x_wconf 87' lang='lat' dir='ltr'>rotunda,</span> <span class='ocrx_word' id='word_1_71' title='bbox 803 1258 841 1318; x_wconf 97' lang='grc' dir='ltr'>ιιι</span> <span class='ocrx_word' id='word_1_72' title='bbox 862 1253 910 1317; x_wconf 91' lang='lat' dir='ltr'>ita</span> <span class='ocrx_word' id='word_1_73' title='bbox 932 1253 1048 1328; x_wconf 90' lang='lat' dir='ltr'>dicam,</span> <span class='ocrx_word' id='word_1_74' title='bbox 1071 1254 1104 1314; x_wconf 93' lang='lat' dir='ltr'>et</span> <span class='ocrx_word' id='word_1_75' title='bbox 1126 1248 1236 1332; x_wconf 86' lang='lat' dir='ltr'>lepida</span> <span class='ocrx_word' id='word_1_76' title='bbox 1257 1248 1362 1314; x_wconf 87' lang='lat' dir='ltr'>forma</span> 
     </span>
     <span class='ocr_line' id='line_1_11' title="bbox 191 1350 1363 1436; baseline -0.002 -18"><span class='ocrx_word' id='word_1_77' title='bbox 191 1353 385 1435; x_wconf 89' lang='lat' dir='ltr'>compositae</span> <span class='ocrx_word' id='word_1_78' title='bbox 415 1350 567 1417; x_wconf 88' lang='lat' dir='ltr'>facillime</span> <span class='ocrx_word' id='word_1_79' title='bbox 597 1361 704 1420; x_wconf 89' lang='lat' dir='ltr'>mento</span> <span class='ocrx_word' id='word_1_80' title='bbox 736 1356 931 1432; x_wconf 88' lang='lat' dir='ltr'>retinentur,</span> <span class='ocrx_word' id='word_1_81' title='bbox 963 1353 1050 1436; x_wconf 90' lang='lat' dir='ltr'>quod</span> <span class='ocrx_word' id='word_1_82' title='bbox 1080 1351 1210 1435; x_wconf 90' lang='lat' dir='ltr'>quidem</span> <span class='ocrx_word' id='word_1_83' title='bbox 1232 1352 1264 1415; x_wconf 94' lang='lat' dir='ltr'>in</span> <span class='ocrx_word' id='word_1_84' title='bbox 1287 1372 1363 1436; x_wconf 89' lang='lat' dir='ltr'>ope-</span> 
     </span>
     <span class='ocr_line' id='line_1_12' title="bbox 190 1455 1118 1538; baseline -0.002 -18"><span class='ocrx_word' id='word_1_85' title='bbox 190 1455 279 1520; x_wconf 88' lang='lat' dir='ltr'>ribus</span> <span class='ocrx_word' id='word_1_86' title='bbox 302 1455 440 1520; x_wconf 85' lang='lat' dir='ltr'>maxime</span> <span class='ocrx_word' id='word_1_87' title='bbox 463 1475 523 1519; x_wconf 92' lang='lat' dir='ltr'>usu</span> <span class='ocrx_word' id='word_1_88' title='bbox 545 1455 633 1519; x_wconf 89' lang='lat' dir='ltr'>venit</span> <span class='ocrx_word' id='word_1_89' title='bbox 654 1477 746 1521; x_wconf 91' lang='lat' dir='ltr'>versu</span> <span class='ocrx_word' id='word_1_90' title='bbox 768 1455 897 1522; x_wconf 90' lang='lat' dir='ltr'>heroico</span> <span class='ocrx_word' id='word_1_91' title='bbox 920 1455 1118 1538; x_wconf 88' lang='lat' dir='ltr'>conscriptis.</span> 
     </span>
    </p>
   </div>
   <div class='ocr_carea' id='block_1_4' title="bbox 192 1564 1366 2758">
    <p class='ocr_par' dir='ltr' id='par_1_4' title="bbox 192 1564 1366 2758">
     <span class='ocr_line' id='line_1_13' title="bbox 276 1564 1362 1656; baseline -0.001 -18"><span class='ocrx_word' id='word_1_92' title='bbox 276 1574 318 1639; x_wconf 85' lang='lat' dir='ltr'>Et</span> <span class='ocrx_word' id='word_1_93' title='bbox 340 1573 512 1638; x_wconf 87' lang='lat' dir='ltr'>memoriae</span> <span class='ocrx_word' id='word_1_94' title='bbox 534 1574 664 1656; x_wconf 87' lang='lat' dir='ltr'>quidam</span> <span class='ocrx_word' id='word_1_95' title='bbox 686 1577 749 1640; x_wconf 91' lang='lat' dir='ltr'>vim</span> <span class='ocrx_word' id='word_1_96' title='bbox 773 1576 909 1641; x_wconf 88' lang='lat' dir='ltr'>multum</span> <span class='ocrx_word' id='word_1_97' title='bbox 932 1573 1070 1639; x_wconf 89' lang='lat' dir='ltr'>valuisse</span> <span class='ocrx_word' id='word_1_98' title='bbox 1092 1574 1127 1637; x_wconf 95' lang='lat' dir='ltr'>in</span> <span class='ocrx_word' id='word_1_99' title='bbox 1142 1573 1297 1639; x_wconf 83' lang='lat' dir='ltr'>Juvenale</span> <span class='ocrx_word' id='word_1_100' title='bbox 1319 1564 1362 1638; x_wconf 80' lang='lat' dir='ltr'>ad</span> 
     </span>
     <span class='ocr_line' id='line_1_14' title="bbox 193 1675 1363 1760; baseline 0.001 -20"><span class='ocrx_word' id='word_1_101' title='bbox 193 1676 420 1760; x_wconf 83' lang='lat' dir='ltr'>propagandos</span> <span class='ocrx_word' id='word_1_102' title='bbox 443 1695 553 1741; x_wconf 80' lang='lat' dir='ltr'>versus</span> <span class='ocrx_word' id='word_1_103' title='bbox 585 1681 618 1740; x_wconf 88' lang='lat' dir='ltr'>et</span> <span class='ocrx_word' id='word_1_104' title='bbox 647 1677 859 1742; x_wconf 86' lang='lat' dir='ltr'>imitationem</span> <span class='ocrx_word' id='word_1_105' title='bbox 888 1680 1056 1760; x_wconf 71' lang='lat' dir='ltr'>poetarum</span> <span class='ocrx_word' id='word_1_106' title='bbox 1085 1675 1149 1741; x_wconf 89' lang='lat' dir='ltr'>sive</span> <span class='ocrx_word' id='word_1_107' title='bbox 1172 1675 1277 1741; x_wconf 79' lang='lat' dir='ltr'>forma</span> <span class='ocrx_word' id='word_1_108' title='bbox 1297 1675 1363 1741; x_wconf 89' lang='lat' dir='ltr'>sive</span> 
     </span>
     <span class='ocr_line' id='line_1_15' title="bbox 192 1775 1363 1863; baseline 0.001 -20"><span class='ocrx_word' id='word_1_109' title='bbox 192 1783 380 1860; x_wconf 85' lang='lat' dir='ltr'>argumento</span> <span class='ocrx_word' id='word_1_110' title='bbox 408 1775 611 1842; x_wconf 88' lang='lat' dir='ltr'>efficiendam</span> <span class='ocrx_word' id='word_1_111' title='bbox 639 1799 676 1844; x_wconf 88' lang='lat' dir='ltr'>eo</span> <span class='ocrx_word' id='word_1_112' title='bbox 699 1779 866 1863; x_wconf 89' lang='lat' dir='ltr'>probatur,</span> <span class='ocrx_word' id='word_1_113' title='bbox 896 1779 983 1861; x_wconf 91' lang='lat' dir='ltr'>quod</span> <span class='ocrx_word' id='word_1_114' title='bbox 1003 1777 1164 1843; x_wconf 90' lang='lat' dir='ltr'>luvenalis</span> <span class='ocrx_word' id='word_1_115' title='bbox 1196 1778 1363 1862; x_wconf 90' lang='lat' dir='ltr'>inprimis</span> 
     </span>
     <span class='ocr_line' id='line_1_16' title="bbox 192 1878 1364 1964; baseline 0.001 -19"><span class='ocrx_word' id='word_1_116' title='bbox 192 1880 301 1945; x_wconf 89' lang='lat' dir='ltr'>satiris</span> <span class='ocrx_word' id='word_1_117' title='bbox 335 1878 435 1943; x_wconf 90' lang='lat' dir='ltr'>multo</span> <span class='ocrx_word' id='word_1_118' title='bbox 473 1879 574 1962; x_wconf 88' lang='lat' dir='ltr'>magis</span> <span class='ocrx_word' id='word_1_119' title='bbox 610 1879 743 1964; x_wconf 83' lang='lat' dir='ltr'>Vergilii</span> <span class='ocrx_word' id='word_1_120' title='bbox 783 1881 964 1964; x_wconf 88' lang='lat' dir='ltr'>exemplum</span> <span class='ocrx_word' id='word_1_121' title='bbox 1000 1885 1129 1945; x_wconf 89' lang='lat' dir='ltr'>secutus</span> <span class='ocrx_word' id='word_1_122' title='bbox 1167 1884 1228 1956; x_wconf 84' lang='lat' dir='ltr'>ert,</span> <span class='ocrx_word' id='word_1_123' title='bbox 1265 1901 1364 1962; x_wconf 88' lang='lat' dir='ltr'>quam</span> 
     </span>
     <span class='ocr_line' id='line_1_17' title="bbox 193 1982 1363 2066; baseline -0.001 -19"><span class='ocrx_word' id='word_1_124' title='bbox 193 1982 353 2057; x_wconf 86' lang='lat' dir='ltr'>extremis,</span> <span class='ocrx_word' id='word_1_125' title='bbox 376 2001 514 2062; x_wconf 90' lang='lat' dir='ltr'>quarum</span> <span class='ocrx_word' id='word_1_126' title='bbox 529 1984 702 2066; x_wconf 90' lang='lat' dir='ltr'>praecipue</span> <span class='ocrx_word' id='word_1_127' title='bbox 717 1982 836 2049; x_wconf 89' lang='lat' dir='ltr'>librum</span> <span class='ocrx_word' id='word_1_128' title='bbox 851 1984 1000 2066; x_wconf 90' lang='lat' dir='ltr'>quintum</span> <span class='ocrx_word' id='word_1_129' title='bbox 1015 2001 1111 2046; x_wconf 84' lang='lat' dir='ltr'>senex</span> <span class='ocrx_word' id='word_1_130' title='bbox 1128 1983 1318 2065; x_wconf 89' lang='lat' dir='ltr'>conscripsit</span> <span class='ocrx_word' id='word_1_131' title='bbox 1339 1985 1363 2065; x_wconf 88' lang='lat'>).</span> 
     </span>
     <span class='ocr_line' id='line_1_18' title="bbox 193 2082 1364 2151; baseline 0.002 -3"><span class='ocrx_word' id='word_1_132' title='bbox 193 2083 271 2148; x_wconf 82' lang='lat' dir='ltr'>Guvn</span> <span class='ocrx_word' id='word_1_133' title='bbox 296 2087 404 2145; x_wconf 87' lang='lat' dir='ltr'>autern</span> <span class='ocrx_word' id='word_1_134' title='bbox 427 2086 587 2148; x_wconf 91' lang='lat' dir='ltr'>communi</span> <span class='ocrx_word' id='word_1_135' title='bbox 610 2105 649 2150; x_wconf 87' lang='lat' dir='ltr'>ex</span> <span class='ocrx_word' id='word_1_136' title='bbox 671 2106 730 2150; x_wconf 88' lang='grc' dir='ltr'><strong>ιιιιι</strong></span> <span class='ocrx_word' id='word_1_137' title='bbox 761 2086 914 2151; x_wconf 90' lang='lat' dir='ltr'>memoria</span> <span class='ocrx_word' id='word_1_138' title='bbox 941 2082 1083 2148; x_wconf 89' lang='lat' dir='ltr'>humana</span> <span class='ocrx_word' id='word_1_139' title='bbox 1112 2083 1364 2150; x_wconf 88' lang='lat' dir='ltr'>increscentibus</span> 
     </span>
     <span class='ocr_line' id='line_1_19' title="bbox 192 2185 1366 2270; baseline 0 -20"><span class='ocrx_word' id='word_1_140' title='bbox 192 2185 288 2250; x_wconf 89' lang='lat' dir='ltr'>annis</span> <span class='ocrx_word' id='word_1_141' title='bbox 311 2204 375 2248; x_wconf 93' lang='lat' dir='ltr'>non</span> <span class='ocrx_word' id='word_1_142' title='bbox 398 2185 460 2248; x_wconf 91' lang='lat' dir='ltr'>iam</span> <span class='ocrx_word' id='word_1_143' title='bbox 484 2186 591 2267; x_wconf 81' lang='lat' dir='ltr'>vigeat</span> <span class='ocrx_word' id='word_1_144' title='bbox 612 2193 646 2250; x_wconf 92' lang='lat' dir='ltr'>et</span> <span class='ocrx_word' id='word_1_145' title='bbox 673 2185 829 2270; x_wconf 89' lang='lat' dir='ltr'>paulatim</span> <span class='ocrx_word' id='word_1_146' title='bbox 859 2187 1038 2262; x_wconf 88' lang='lat' dir='ltr'>minuatur,</span> <span class='ocrx_word' id='word_1_147' title='bbox 1066 2185 1155 2250; x_wconf 89' lang='lat' dir='ltr'>haud</span> <span class='ocrx_word' id='word_1_148' title='bbox 1178 2186 1293 2250; x_wconf 92' lang='lat' dir='ltr'>mirum</span> <span class='ocrx_word' id='word_1_149' title='bbox 1316 2189 1366 2251; x_wconf 88' lang='lat' dir='ltr'>est</span> 
     </span>
     <span class='ocr_line' id='line_1_20' title="bbox 194 2287 1362 2370; baseline 0.001 -20"><span class='ocrx_word' id='word_1_150' title='bbox 194 2289 309 2370; x_wconf 76' lang='lat' dir='ltr'>poetae</span> <span class='ocrx_word' id='word_1_151' title='bbox 333 2291 444 2350; x_wconf 91' lang='lat' dir='ltr'>nostro</span> <span class='ocrx_word' id='word_1_152' title='bbox 468 2292 576 2350; x_wconf 88' lang='lat' dir='ltr'>aetate</span> <span class='ocrx_word' id='word_1_153' title='bbox 598 2289 661 2352; x_wconf 91' lang='lat' dir='ltr'>iam</span> <span class='ocrx_word' id='word_1_154' title='bbox 688 2294 838 2370; x_wconf 91' lang='lat' dir='ltr'>provecto</span> <span class='ocrx_word' id='word_1_155' title='bbox 868 2287 965 2351; x_wconf 91' lang='lat' dir='ltr'>divini</span> <span class='ocrx_word' id='word_1_156' title='bbox 989 2288 1076 2352; x_wconf 90' lang='lat' dir='ltr'>illius</span> <span class='ocrx_word' id='word_1_157' title='bbox 1099 2287 1231 2370; x_wconf 85' lang='lat' dir='ltr'>Vergilii</span> <span class='ocrx_word' id='word_1_158' title='bbox 1253 2307 1362 2352; x_wconf 88' lang='lat' dir='ltr'>versus</span> 
     </span>
     <span class='ocr_line' id='line_1_21' title="bbox 195 2387 1361 2471; baseline 0.002 -21"><span class='ocrx_word' id='word_1_159' title='bbox 195 2388 241 2452; x_wconf 89' lang='lat' dir='ltr'>ita</span> <span class='ocrx_word' id='word_1_160' title='bbox 266 2388 298 2450; x_wconf 96' lang='lat' dir='ltr'>in</span> <span class='ocrx_word' id='word_1_161' title='bbox 329 2392 481 2470; x_wconf 91' lang='lat' dir='ltr'>promptu</span> <span class='ocrx_word' id='word_1_162' title='bbox 508 2409 572 2452; x_wconf 92' lang='lat' dir='ltr'>non</span> <span class='ocrx_word' id='word_1_163' title='bbox 601 2387 712 2465; x_wconf 84' lang='lat' dir='ltr'>fuisse,</span> <span class='ocrx_word' id='word_1_164' title='bbox 746 2411 827 2471; x_wconf 90' lang='lat' dir='ltr'>quos</span> <span class='ocrx_word' id='word_1_165' title='bbox 852 2389 886 2452; x_wconf 94' lang='lat' dir='ltr'>in</span> <span class='ocrx_word' id='word_1_166' title='bbox 915 2408 1009 2453; x_wconf 90' lang='lat' dir='ltr'>usum</span> <span class='ocrx_word' id='word_1_167' title='bbox 1039 2410 1131 2454; x_wconf 92' lang='lat' dir='ltr'>suum</span> <span class='ocrx_word' id='word_1_168' title='bbox 1153 2395 1361 2454; x_wconf 88' lang='lat' dir='ltr'>converteret.</span> 
     </span>
     <span class='ocr_line' id='line_1_22' title="bbox 195 2489 1361 2574; baseline 0.003 -22"><span class='ocrx_word' id='word_1_169' title='bbox 195 2489 267 2566; x_wconf 78' lang='lat' dir='ltr'>Qua</span> <span class='ocrx_word' id='word_1_170' title='bbox 289 2489 329 2552; x_wconf 88' lang='lat' dir='ltr'>de</span> <span class='ocrx_word' id='word_1_171' title='bbox 352 2509 449 2554; x_wconf 81' lang='lat' dir='ltr'>causa</span> <span class='ocrx_word' id='word_1_172' title='bbox 471 2494 721 2555; x_wconf 81' lang='lat' dir='ltr'>consentaneum</span> <span class='ocrx_word' id='word_1_173' title='bbox 742 2491 869 2556; x_wconf 87' lang='lat' dir='ltr'>videtur</span> <span class='ocrx_word' id='word_1_174' title='bbox 891 2511 959 2556; x_wconf 88' lang='lat' dir='ltr'>esse</span> <span class='ocrx_word' id='word_1_175' title='bbox 988 2489 1071 2555; x_wconf 92' lang='lat' dir='ltr'>libro</span> <span class='ocrx_word' id='word_1_176' title='bbox 1099 2492 1228 2573; x_wconf 91' lang='lat' dir='ltr'>quidem</span> <span class='ocrx_word' id='word_1_177' title='bbox 1258 2493 1361 2574; x_wconf 90' lang='lat' dir='ltr'>primo</span> 
     </span>
     <span class='ocr_line' id='line_1_23' title="bbox 194 2590 1362 2677; baseline 0.003 -23"><span class='ocrx_word' id='word_1_178' title='bbox 194 2591 391 2656; x_wconf 81' lang='lat' dir='ltr'>imitationes</span> <span class='ocrx_word' id='word_1_179' title='bbox 413 2590 738 2674; x_wconf 83' lang='lat' dir='ltr'>duodequadraginta</span> <span class='ocrx_word' id='word_1_180' title='bbox 759 2592 916 2677; x_wconf 79' lang='lat' dir='ltr'>indagari,</span> <span class='ocrx_word' id='word_1_181' title='bbox 940 2615 1011 2660; x_wconf 91' lang='lat' dir='ltr'>cum</span> <span class='ocrx_word' id='word_1_182' title='bbox 1026 2594 1109 2660; x_wconf 93' lang='lat' dir='ltr'>libro</span> <span class='ocrx_word' id='word_1_183' title='bbox 1124 2596 1236 2677; x_wconf 88' lang='lat' dir='ltr'>quinto</span> <span class='ocrx_word' id='word_1_184' title='bbox 1252 2595 1362 2660; x_wconf 87' lang='lat' dir='ltr'>decern</span> 
     </span>
     <span class='ocr_line' id='line_1_24' title="bbox 197 2692 557 2758; baseline -0.003 0"><span class='ocrx_word' id='word_1_185' title='bbox 197 2699 325 2758; x_wconf 88' lang='lat' dir='ltr'>tantum</span> <span class='ocrx_word' id='word_1_186' title='bbox 346 2692 557 2758; x_wconf 85' lang='lat' dir='ltr'>inveniantur.</span> 
     </span>
    </p>
   </div>
   <div class='ocr_carea' id='block_1_5' title="bbox 194 2810 1364 3509">
    <p class='ocr_par' dir='ltr' id='par_1_5' title="bbox 194 2810 1364 3509">
     <span class='ocr_line' id='line_1_25' title="bbox 282 2810 1362 2897; baseline 0.005 -23"><span class='ocrx_word' id='word_1_187' title='bbox 282 2810 414 2876; x_wconf 87' lang='lat' dir='ltr'>Versum</span> <span class='ocrx_word' id='word_1_188' title='bbox 435 2817 544 2877; x_wconf 89' lang='lat' dir='ltr'>autem</span> <span class='ocrx_word' id='word_1_189' title='bbox 565 2811 728 2878; x_wconf 89' lang='lat' dir='ltr'>heroicum</span> <span class='ocrx_word' id='word_1_190' title='bbox 750 2815 951 2897; x_wconf 88' lang='lat' dir='ltr'>aptissimum</span> <span class='ocrx_word' id='word_1_191' title='bbox 975 2835 1043 2880; x_wconf 90' lang='lat' dir='ltr'>esse</span> <span class='ocrx_word' id='word_1_192' title='bbox 1064 2814 1300 2897; x_wconf 58' lang='lat' dir='ltr'>intellegemus</span> <span class='ocrx_word' id='word_1_193' title='bbox 1328 2817 1362 2881; x_wconf 92' lang='lat' dir='ltr'>in</span> 
     </span>
     <span class='ocr_line' id='line_1_26' title="bbox 195 2913 1362 3000; baseline 0.004 -22"><span class='ocrx_word' id='word_1_194' title='bbox 195 2935 259 2997; x_wconf 91' lang='lat' dir='ltr'>quo</span> <span class='ocrx_word' id='word_1_195' title='bbox 283 2934 380 2979; x_wconf 89' lang='lat' dir='ltr'>causa</span> <span class='ocrx_word' id='word_1_196' title='bbox 402 2913 549 2979; x_wconf 89' lang='lat' dir='ltr'>imitandi</span> <span class='ocrx_word' id='word_1_197' title='bbox 572 2935 688 2998; x_wconf 84' lang='lat' dir='ltr'>magna</span> <span class='ocrx_word' id='word_1_198' title='bbox 710 2937 749 2980; x_wconf 88' lang='lat' dir='ltr'>ex</span> <span class='ocrx_word' id='word_1_199' title='bbox 770 2922 863 2999; x_wconf 88' lang='lat' dir='ltr'>parte</span> <span class='ocrx_word' id='word_1_200' title='bbox 886 2917 928 2982; x_wconf 88' lang='lat' dir='ltr'>sit</span> <span class='ocrx_word' id='word_1_201' title='bbox 950 2917 1065 2999; x_wconf 88' lang='lat' dir='ltr'>posita.</span> <span class='ocrx_word' id='word_1_202' title='bbox 1100 2915 1183 2981; x_wconf 89' lang='lat' dir='ltr'>Nam</span> <span class='ocrx_word' id='word_1_203' title='bbox 1204 2917 1362 3000; x_wconf 87' lang='lat' dir='ltr'>imprimis</span> 
     </span>
     <span class='ocr_line' id='line_1_27' title="bbox 194 3015 1362 3102; baseline 0.003 -22"><span class='ocrx_word' id='word_1_204' title='bbox 194 3037 303 3082; x_wconf 90' lang='lat' dir='ltr'>versus</span> <span class='ocrx_word' id='word_1_205' title='bbox 327 3015 504 3100; x_wconf 87' lang='lat' dir='ltr'>dactylicus</span> <span class='ocrx_word' id='word_1_206' title='bbox 527 3015 714 3082; x_wconf 87' lang='lat' dir='ltr'>hexameter</span> <span class='ocrx_word' id='word_1_207' title='bbox 741 3024 864 3083; x_wconf 87' lang='lat' dir='ltr'>certum</span> <span class='ocrx_word' id='word_1_208' title='bbox 892 3017 992 3100; x_wconf 79' lang='lat' dir='ltr'>exigit</span> <span class='ocrx_word' id='word_1_209' title='bbox 1019 3016 1166 3102; x_wconf 88' lang='lat' dir='ltr'>ordinem</span> <span class='ocrx_word' id='word_1_210' title='bbox 1193 3019 1362 3084; x_wconf 90' lang='lat' dir='ltr'>verborum</span> 
     </span>
     <span class='ocr_line' id='line_1_28' title="bbox 194 3115 1363 3203; baseline 0.005 -21"><span class='ocrx_word' id='word_1_211' title='bbox 194 3118 336 3183; x_wconf 84' lang='lat' dir='ltr'>metricis</span> <span class='ocrx_word' id='word_1_212' title='bbox 357 3115 535 3184; x_wconf 88' lang='lat' dir='ltr'>rationibus</span> <span class='ocrx_word' id='word_1_213' title='bbox 557 3119 740 3198; x_wconf 90' lang='lat' dir='ltr'>astrictum,</span> <span class='ocrx_word' id='word_1_214' title='bbox 764 3126 868 3186; x_wconf 89' lang='lat' dir='ltr'>certas</span> <span class='ocrx_word' id='word_1_215' title='bbox 891 3120 1028 3198; x_wconf 88' lang='lat' dir='ltr'>formas,</span> <span class='ocrx_word' id='word_1_216' title='bbox 1056 3141 1140 3203; x_wconf 91' lang='lat' dir='ltr'>quae</span> <span class='ocrx_word' id='word_1_217' title='bbox 1162 3143 1182 3186; x_wconf 89' lang='lat' dir='ltr'>a</span> <span class='ocrx_word' id='word_1_218' title='bbox 1205 3123 1363 3188; x_wconf 88' lang='lat' dir='ltr'>consuetis</span> 
     </span>
     <span class='ocr_line' id='line_1_29' title="bbox 196 3219 1364 3307; baseline 0.004 -23"><span class='ocrx_word' id='word_1_219' title='bbox 196 3219 392 3304; x_wconf 85' lang='lat' dir='ltr'>syllabarum</span> <span class='ocrx_word' id='word_1_220' title='bbox 420 3239 589 3285; x_wconf 87' lang='lat' dir='ltr'>mensurae</span> <span class='ocrx_word' id='word_1_221' title='bbox 619 3222 797 3287; x_wconf 88' lang='lat' dir='ltr'>rationibus</span> <span class='ocrx_word' id='word_1_222' title='bbox 831 3223 1014 3305; x_wconf 87' lang='lat' dir='ltr'>discrepare</span> <span class='ocrx_word' id='word_1_223' title='bbox 1049 3243 1112 3288; x_wconf 92' lang='lat' dir='ltr'>non</span> <span class='ocrx_word' id='word_1_224' title='bbox 1145 3231 1295 3307; x_wconf 80' lang='lat' dir='ltr'>possunt3</span> <span class='ocrx_word' id='word_1_225' title='bbox 1330 3229 1364 3289; x_wconf 89' lang='lat' dir='ltr'>et</span> 
     </span>
     <span class='ocr_line' id='line_1_30' title="bbox 194 3321 1363 3410; baseline 0.003 -23"><span class='ocrx_word' id='word_1_226' title='bbox 194 3341 406 3403; x_wconf 89' lang='lat' dir='ltr'>quaecunque</span> <span class='ocrx_word' id='word_1_227' title='bbox 440 3321 474 3385; x_wconf 95' lang='lat' dir='ltr'>in</span> <span class='ocrx_word' id='word_1_228' title='bbox 503 3321 701 3388; x_wconf 87' lang='lat' dir='ltr'>diversorum</span> <span class='ocrx_word' id='word_1_229' title='bbox 730 3324 870 3390; x_wconf 90' lang='lat' dir='ltr'>elisionis</span> <span class='ocrx_word' id='word_1_230' title='bbox 908 3345 1060 3407; x_wconf 85' lang='lat' dir='ltr'>generum</span> <span class='ocrx_word' id='word_1_231' title='bbox 1092 3347 1166 3403; x_wconf 80' lang='lat' dir='ltr'>usu,</span> <span class='ocrx_word' id='word_1_232' title='bbox 1200 3326 1363 3410; x_wconf 75' lang='lat' dir='ltr'>synicesia</span> 
     </span>
     <span class='ocr_line' id='line_1_31' title="bbox 198 3422 1363 3509; baseline 0.004 -21"><span class='ocrx_word' id='word_1_233' title='bbox 198 3444 359 3502; x_wconf 87' lang='lat' dir='ltr'>caesurae,</span> <span class='ocrx_word' id='word_1_234' title='bbox 385 3422 534 3488; x_wconf 79' lang='lat' dir='ltr'>similium</span> <span class='ocrx_word' id='word_1_235' title='bbox 556 3445 663 3489; x_wconf 89' lang='lat' dir='ltr'>rerum</span> <span class='ocrx_word' id='word_1_236' title='bbox 684 3425 790 3509; x_wconf 84' lang='lat' dir='ltr'>gratia</span> <span class='ocrx_word' id='word_1_237' title='bbox 810 3425 853 3491; x_wconf 91' lang='lat' dir='ltr'>ab</span> <span class='ocrx_word' id='word_1_238' title='bbox 874 3423 1021 3492; x_wconf 89' lang='lat' dir='ltr'>omnibus</span> <span class='ocrx_word' id='word_1_239' title='bbox 1036 3427 1140 3508; x_wconf 87' lang='lat' dir='ltr'>poetis</span> <span class='ocrx_word' id='word_1_240' title='bbox 1155 3427 1268 3492; x_wconf 91' lang='lat' dir='ltr'>eadem</span> <span class='ocrx_word' id='word_1_241' title='bbox 1286 3449 1363 3493; x_wconf 88' lang='lat' dir='ltr'>cura</span> 
     </span>
    </p>
   </div>
   <div class='ocr_carea' id='block_1_6' title="bbox 193 3522 1362 3691">
    <p class='ocr_par' dir='ltr' id='par_1_6' title="bbox 193 3522 1362 3691">
     <span class='ocr_line' id='line_1_32' title="bbox 195 3522 1362 3611; baseline 0.003 -21"><span class='ocrx_word' id='word_1_242' title='bbox 195 3524 419 3602; x_wconf 88' lang='lat' dir='ltr'>observantur,</span> <span class='ocrx_word' id='word_1_243' title='bbox 448 3522 608 3602; x_wconf 88' lang='lat' dir='ltr'>efficiunt,</span> <span class='ocrx_word' id='word_1_244' title='bbox 638 3532 675 3591; x_wconf 90' lang='grc' dir='ltr'>ιιι</span> <span class='ocrx_word' id='word_1_245' title='bbox 701 3528 813 3592; x_wconf 88' lang='lat' dir='ltr'>eadem</span> <span class='ocrx_word' id='word_1_246' title='bbox 835 3534 868 3599; x_wconf 86' lang='lat' dir='ltr'>et</span> <span class='ocrx_word' id='word_1_247' title='bbox 890 3526 1050 3611; x_wconf 85' lang='lat' dir='ltr'>cogitandi</span> <span class='ocrx_word' id='word_1_248' title='bbox 1073 3532 1108 3592; x_wconf 89' lang='lat' dir='ltr'>et</span> <span class='ocrx_word' id='word_1_249' title='bbox 1129 3528 1257 3593; x_wconf 90' lang='lat' dir='ltr'>dicendi</span> <span class='ocrx_word' id='word_1_250' title='bbox 1279 3529 1362 3594; x_wconf 88' lang='lat' dir='ltr'>ratio</span> 
     </span>
     <span class='ocr_line' id='line_1_33' title="bbox 193 3624 615 3691; baseline -0.012 -1"><span class='ocrx_word' id='word_1_251' title='bbox 193 3625 373 3691; x_wconf 89' lang='lat' dir='ltr'>retineatur</span> <span class='ocrx_word' id='word_1_252' title='bbox 395 3624 532 3691; x_wconf 87' lang='lat' dir='ltr'>facilius.</span> <span class='ocrx_word' id='word_1_253' title='bbox 611 3677 615 3685; x_wconf 92' lang='lat'>.</span> 
     </span>
    </p>
   </div>
   <div class='ocr_carea' id='block_1_7' title="bbox 277 3743 1364 3832">
    <p class='ocr_par' dir='ltr' id='par_1_7' title="bbox 277 3743 1364 3832">
     <span class='ocr_line' id='line_1_34' title="bbox 277 3743 1364 3832; baseline 0.006 -24"><span class='ocrx_word' id='word_1_254' title='bbox 277 3743 344 3809; x_wconf 88' lang='lat' dir='ltr'>Iam</span> <span class='ocrx_word' id='word_1_255' title='bbox 372 3764 446 3810; x_wconf 88' lang='lat' dir='ltr'>vero</span> <span class='ocrx_word' id='word_1_256' title='bbox 472 3744 645 3829; x_wconf 88' lang='lat' dir='ltr'>praecipue</span> <span class='ocrx_word' id='word_1_257' title='bbox 674 3747 706 3811; x_wconf 94' lang='lat' dir='ltr'>in</span> <span class='ocrx_word' id='word_1_258' title='bbox 734 3747 943 3832; x_wconf 89' lang='lat' dir='ltr'>scriptoribus</span> <span class='ocrx_word' id='word_1_259' title='bbox 975 3747 1084 3813; x_wconf 88' lang='lat' dir='ltr'>latinis</span> <span class='ocrx_word' id='word_1_260' title='bbox 1116 3746 1256 3814; x_wconf 89' lang='lat' dir='ltr'>dilucide</span> <span class='ocrx_word' id='word_1_261' title='bbox 1289 3770 1364 3832; x_wconf 86' lang='lat' dir='ltr'>cog-</span> 
     </span>
    </p>
   </div>
   <div class='ocr_carea' id='block_1_8' title="bbox 193 4028 1363 4275">
    <p class='ocr_par' dir='ltr' id='par_1_8' title="bbox 193 4028 1363 4275">
     <span class='ocr_line' id='line_1_35' title="bbox 264 4028 1363 4099; baseline -0.001 -17"><span class='ocrx_word' id='word_1_262' title='bbox 264 4029 283 4092; x_wconf 73' lang='lat'>³}</span> <span class='ocrx_word' id='word_1_263' title='bbox 303 4028 345 4082; x_wconf 92' lang='lat' dir='ltr'>W.</span> <span class='ocrx_word' id='word_1_264' title='bbox 363 4029 390 4082; x_wconf 87' lang='lat' dir='ltr'>S.</span> <span class='ocrx_word' id='word_1_265' title='bbox 408 4029 557 4084; x_wconf 83' lang='lat' dir='ltr'>Teuffelius</span> <span class='ocrx_word' id='word_1_266' title='bbox 575 4031 604 4084; x_wconf 90' lang='lat' dir='ltr'>in</span> <span class='ocrx_word' id='word_1_267' title='bbox 622 4029 732 4096; x_wconf 89' lang='lat' dir='ltr'>libello,</span> <span class='ocrx_word' id='word_1_268' title='bbox 760 4030 807 4098; x_wconf 89' lang='lat' dir='ltr'>qui</span> <span class='ocrx_word' id='word_1_269' title='bbox 824 4029 999 4084; x_wconf 89' lang='lat' dir='ltr'>inscribitur:</span> <span class='ocrx_word' id='word_1_270' title='bbox 1030 4030 1178 4099; x_wconf 84' lang='lat' dir='ltr'>„Juvenals</span> <span class='ocrx_word' id='word_1_271' title='bbox 1197 4031 1289 4086; x_wconf 80' lang='lat' dir='ltr'>beben</span> <span class='ocrx_word' id='word_1_272' title='bbox 1307 4030 1363 4082; x_wconf 87' lang='lat' dir='ltr'>und</span> 
     </span>
     <span class='ocr_line' id='line_1_36' title="bbox 193 4115 1362 4189; baseline -0.002 -18"><span class='ocrx_word' id='word_1_273' title='bbox 193 4115 352 4171; x_wconf 80' lang='lat' dir='ltr'>Schriften“</span> <span class='ocrx_word' id='word_1_274' title='bbox 381 4117 571 4174; x_wconf 87' lang='lat' dir='ltr'>demonstrare</span> <span class='ocrx_word' id='word_1_275' title='bbox 597 4116 704 4172; x_wconf 89' lang='lat' dir='ltr'>studuit</span> <span class='ocrx_word' id='word_1_276' title='bbox 720 4116 879 4171; x_wconf 89' lang='lat' dir='ltr'>Iuvenalem</span> <span class='ocrx_word' id='word_1_277' title='bbox 907 4117 1020 4172; x_wconf 86' lang='lat' dir='ltr'>satiram</span> <span class='ocrx_word' id='word_1_278' title='bbox 1039 4118 1089 4174; x_wconf 91' lang='lat' dir='ltr'>XV</span> <span class='ocrx_word' id='word_1_279' title='bbox 1117 4119 1270 4189; x_wconf 88' lang='lat' dir='ltr'>scripsisse,</span> <span class='ocrx_word' id='word_1_280' title='bbox 1300 4133 1362 4172; x_wconf 92' lang='lat' dir='ltr'>cum</span> 
     </span>
     <span class='ocr_line' id='line_1_37' title="bbox 193 4203 857 4275; baseline -0.002 -16"><span class='ocrx_word' id='word_1_281' title='bbox 193 4220 295 4259; x_wconf 88' lang='lat' dir='ltr'>annum</span> <span class='ocrx_word' id='word_1_282' title='bbox 313 4204 368 4259; x_wconf 89' lang='lat' dir='ltr'>iam</span> <span class='ocrx_word' id='word_1_283' title='bbox 386 4221 472 4260; x_wconf 89' lang='lat' dir='ltr'>unam</span> <span class='ocrx_word' id='word_1_284' title='bbox 490 4207 518 4260; x_wconf 88' lang='lat' dir='ltr'>ot</span> <span class='ocrx_word' id='word_1_285' title='bbox 536 4203 736 4275; x_wconf 82' lang='lat' dir='ltr'>octogesimum</span> <span class='ocrx_word' id='word_1_286' title='bbox 755 4207 857 4274; x_wconf 77' lang='lat' dir='ltr'>ageret.</span> 
     </span>
    </p>
   </div>
   <div class='ocr_carea' id='block_1_9' title="bbox 0 0 1538 4846">
    <p class='ocr_par' dir='ltr' id='par_1_9' title="bbox 0 0 1538 4846">
     <span class='ocr_line' id='line_1_38' title="bbox 0 0 1538 4846; baseline 0 0"><span class='ocrx_word' id='word_1_287' title='bbox 0 0 1538 4846; x_wconf 95' lang='lat' dir='ltr'> </span> 
     </span>
    </p>
   </div>
  </div>
 </body>
</html>
