3054 4846
737 272 780 336 40

175 465 241 520 tres
271 477 380 521 versus
408 465 533 521 tantum
562 455 655 523 abest
682 462 718 522 ut
745 456 932 540 interpolati
960 456 1043 531 sint,
1080 463 1116 518 nt
1145 476 1165 518 a
1194 453 1347 519 Iuvenale

174 579 296 622 summo
328 559 396 622 iure
428 578 467 623 ao
495 559 609 622 merito
636 559 792 641 assumpti
820 560 885 624 sint
915 564 949 622 ot
978 558 1100 621 inserti.
1145 557 1347 637 Quamquam

175 681 215 723 ex
238 657 361 723 Horatii
386 660 533 724 instituto
555 661 686 725 numina
708 683 770 726 non
793 659 972 725 invocanda
992 665 1075 735 sunt,
1099 659 1159 722 nisi
1174 663 1347 722 occurente

175 761 285 844 aliqua
306 758 430 826 difficili
452 761 597 839 matoria,
630 763 663 827 id
685 764 771 844 qnod
794 762 856 828 lrao
877 763 910 825 in
932 781 968 826 re
990 761 1100 842 negari
1125 764 1239 842 potest.
1283 757 1347 823 Ve-

175 871 353 928 rumtamen
378 884 418 928 ex
441 864 560 930 satirae
582 884 700 946 genere
721 885 761 928 ao
781 870 900 930 natura
922 867 1171 928 consentaneum
1188 868 1236 925 est
1250 860 1348 926 Iuve-

176 964 279 1030 nalem
308 965 446 1030 facetam
474 963 638 1031 Musarum
668 966 899 1031 invocationem
929 967 961 1030 in
989 985 1025 1029 re
1052 962 1190 1029 ridicula
1219 973 1253 1026 et
1283 962 1347 1040 vili,

175 1075 341 1149 tamqnam
363 1068 452 1149 gravi
475 1074 509 1131 et
530 1065 654 1132 difficili
677 1067 855 1149 exprimere
882 1067 1017 1132 voluisse
1047 1087 1150 1148 nequo
1181 1065 1349 1130 dubitasse

175 1188 285 1232 omnes
306 1171 436 1249 politas,
471 1169 526 1250 qni
556 1171 733 1233 carminum
760 1169 898 1234 exordiis
921 1168 1028 1234 Musas
1050 1169 1235 1232 invocarent
1258 1167 1350 1230 vani-

176 1269 253 1334 tatis
275 1288 420 1351 arguere.
465 1269 534 1334 Hac
558 1271 682 1352 ipsein
710 1292 745 1336 re
773 1272 908 1355 parodia
930 1271 1037 1353 posita
1059 1277 1125 1346 est,
1160 1267 1247 1350 quod
1269 1269 1350 1334 sati·

175 1391 283 1436 rarum
320 1372 458 1454 scriptor
494 1392 576 1436 vana
612 1381 645 1437 ot
689 1373 826 1438 ridenda
872 1374 1077 1456 expositmus
1113 1391 1186 1435 oum
1221 1369 1349 1436 facetiis

176 1492 355 1554 magnaque
378 1472 480 1537 ironia
505 1471 629 1538 Musam
652 1474 792 1552 invocat,
825 1480 863 1539 ut
889 1494 973 1550 rem,
1007 1493 1105 1556 quam
1126 1472 1350 1554 descripturus

150 1575 233 1662 ἐὴ,
272 1595 309 1639 eo
339 1575 441 1657 magis
469 1573 679 1640 deridendam
711 1581 873 1659 proponat
905 1577 955 1640 vel
989 1584 1143 1656 tanquam
1178 1572 1220 1638 ad
1252 1573 1350 1655 piscis

176 1675 430 1757 magnitudinem
453 1677 694 1760 exprimendam
717 1677 881 1743 Musarum
903 1676 1058 1742 auxilinm
1085 1697 1165 1758 opus
1189 1676 1239 1740 sit.
1285 1673 1350 1739 Ne-

175 1798 239 1858 que
270 1777 404 1841 dubium
434 1786 497 1856 ost,
528 1779 605 1860 quin
633 1783 731 1862 pobta
758 1781 811 1845 illo
835 1780 904 1844 loco
927 1779 1084 1862 imprimis
1105 1777 1284 1859 respexisse
1306 1776 1349 1840 ad

175 1878 367 1961 Vergilium,
405 1880 493 1943 cuius
532 1899 570 1942 ex
611 1879 774 1946 Musarum
810 1880 1067 1946 invocationibus
1108 1881 1281 1962 praecipue
1319 1879 1350 1943 ei

181 1980 435 2046 obversabantur
458 1980 552 2063 Verg.
574 1983 651 2046 Aen.
674 1982 719 2046 lx
742 2005 768 2047 v.
785 1983 865 2048 525:

328 2081 391 2146 Vos
414 2103 433 2147 o
457 2080 596 2166 Calliope
618 2105 733 2166 precor
754 2085 918 2167 adspirate
940 2083 1066 2146 conecti

176 2189 209 2248 et
232 2182 326 2265 Verg.
349 2181 416 2248 Ecl.
438 2182 511 2247 Vlll
534 2207 562 2248 v.
579 2185 637 2250 63:

327 2285 433 2350 Dicite
455 2284 615 2365 Pierides,¹
637 2309 700 2352 non
725 2290 831 2353 omnia
854 2305 1024 2370 possumus
1048 2305 1171 2363 omnes;

179 2395 212 2453 et
234 2387 300 2452 Eol.
323 2388 353 2452 ll
375 2409 402 2450 v.
419 2387 562 2451 70-732

328 2487 415 2553 Haec
437 2496 489 2554 sat
510 2491 573 2554 erit
594 2490 687 2556 dirae
711 2496 852 2554 vestrum
876 2490 1027 2554 cecinisse
1050 2490 1178 2570 poetam

330 2591 410 2655 Dum
433 2592 516 2656 sedet
538 2600 572 2658 et
592 2593 706 2674 gracili
728 2592 883 2657 fircellam
906 2593 988 2655 texit
1010 2589 1132 2655 hibisco

327 2693 486 2758 Pierides:
509 2716 563 2760 vos
586 2694 666 2759 haec
689 2693 813 2759 facietis
836 2695 975 2757 maxima
998 2693 1092 2758 Gallo

138 2813 139 2816 ’
178 2795 227 2861 vol
251 2797 394 2878 respexit
415 2795 457 2859 ad
481 2795 649 2859 nonnullos
671 2815 780 2860 versus
803 2794 879 2871 acl,
904 2816 983 2876 quos
1000 2793 1159 2876 Vergilius
1181 2814 1256 2856 voce
1281 2793 1352 2869 „in-

178 2903 269 2982 cipe“
292 2897 469 2962 exorditur.
572 2959 573 2962 ,

261 2999 300 3063 In
332 3000 444 3064 eadem
479 3005 538 3062 sat.
570 2997 632 3075 IV,
668 3019 732 3079 qua
767 2997 925 3062 Iuvenalis
959 2995 1128 3062 rhombum
1163 2997 1359 3084 imperatori

178 3102 261 3166 dono
285 3100 396 3166 datum
419 3107 451 3165 et
473 3103 644 3165 maximam
666 3101 796 3183 patinae
812 3101 946 3165 formam
962 3104 1167 3184 superantem
1183 3098 1349 3178 describit,

178 3201 355 3285 magnificis
378 3201 440 3266 illis
463 3202 591 3267 vocibus
612 3224 689 3268 usus
712 3210 761 3267 est
781 3225 807 3267 v.
831 3203 887 3265 412

331 3303 531 3387 [replevitque
552 3305 640 3368 Mora

179 3399 288 3471 iocans
311 3407 344 3470 in
367 3403 584 3485 Vergilianum
608 3405 696 3470 illum
719 3408 794 3470 Aen.
816 3405 846 3468 X
869 3427 896 3469 v.
913 3406 992 3470 819:

329 3507 532 3590 [mpla-aitque
553 3508 657 3570 sinum
680 3509 820 3590 sanguis.

264 3610 369 3689 Atque
407 3607 461 3671 illo
498 3609 568 3673 loco
605 3611 770 3692 parodiam
809 3609 919 3691 effingi
955 3629 1048 3672 nomo
1085 3629 1149 3672 non
1184 3610 1350 3698 concedet.

179 3709 279 3775 Voces
309 3711 392 3774 enim
421 3717 605 3792 assumptae
632 3732 653 3776 a
681 3712 770 3793 gravi
798 3731 836 3774 ac
864 3731 977 3776 severa
1007 3731 1040 3775 re
1070 3710 1246 3775 translatae
1274 3720 1350 3778 sunt

178 3866 375 3874 „a”
383 3867 405 3872 --

180 3973 315 4028 zwischen
335 3973 426 4028 Ironie
452 3974 506 4027 und
530 3973 668 4042 altlrluger
685 3957 903 4039 Niiohternheit‚
932 3974 1058 4028 dasselbe
1076 3975 1251 4044 Ungesohick
1270 3976 1350 4030 einen

179 4061 237 4115 Tou
257 4059 439 4113 festzuhalten
458 4061 514 4116 und
533 4060 592 4113 rein
615 4059 850 4127 durohzullihren,
876 4062 997 4116 dieselbe
1015 4061 1145 4132 Neigung
1163 4081 1197 4116 au
1214 4064 1349 4117 salzlosen

177 4149 307 4217 Sptssen‚
336 4165 389 4201 von
414 4149 463 4201 der
482 4148 532 4201 wir
554 4165 606 4200 uns
628 4146 713 4202 sehon
737 4148 779 4201 oft
796 4148 946 4217 iiberzengt
964 4147 1068 4214 haben,
1096 4148 1159 4202 dass
1183 4150 1221 4202 sie
1245 4165 1349 4204 unsern

178 4233 418 4290 Pseudo-Juvenal
437 4234 646 4290 unverkennbar
664 4251 718 4288 von
735 4235 798 4290 dem
819 4234 917 4290 eohtsn
936 4235 1149 4290 untersoheidet.
