3054 4846
740 278 780 342 12

176 483 247 530 oum
269 460 452 546 Vergiliano
473 462 507 528 in
530 463 644 544 Georg.
666 461 697 530 ll
719 485 748 528 r.
761 462 839 532 474:

327 563 455 628 Iustitia
477 563 624 628 eredens
645 564 741 632 torris
762 565 891 650 vestigia
911 564 996 648 fecit.

260 694 329 760 Hoo
351 699 574 778 argumentum
601 715 624 759 a
649 693 800 760 lurensle
827 699 1026 778 assumptum
1054 700 1117 760 est:
1150 695 1349 765 semermis

175 797 304 862 louuria
327 817 367 862 ao
393 797 550 878 pernicies
577 795 613 860 in
634 794 779 862 homines
801 797 986 873 invasisset,
1016 794 1162 876 Iustitia,
1193 796 1269 863 dira
1288 797 1348 863 illa

175 900 279 981 virgo,
309 917 393 980 quae
413 904 465 963 est
485 897 588 963 altero
610 899 738 963 nomine
761 896 899 964 Astraea
918 897 1100 981 appellate,
1126 900 1282 977 ‚,reoesrit
1301 900 1345 966 ad

175 1006 338 1084 superos‘.
1306 1035 1309 1044 ·

259 1118 328 1184 Iam
349 1137 424 1184 sero
446 1118 603 1184 Iuvenalis
631 1119 662 1185 in
688 1119 798 1186 divina
818 1118 876 1186 illa
896 1125 956 1186 sat
980 1119 1024 1184 Vl
1044 1118 1197 1186 adversm
1219 1122 1347 1203 sequio-

175 1243 242 1287 rem
263 1228 296 1286 et
318 1222 504 1304 nequiorem
525 1241 651 1299 sexum,
680 1229 718 1288 ut
740 1221 887 1288 Salmasii
909 1221 1014 1287 verbis
1036 1227 1126 1298 utsr,
1163 1223 1346 1306 senseripta

175 1324 369 1390 enumeratis
391 1323 462 1388 aliis
485 1323 622 1390 aliarum
649 1322 840 1390 feminarum
864 1325 948 1389 vitiis
976 1324 1010 1389 in
1039 1322 1135 1390 rebus
1156 1323 1349 1407 periculosis

175 1447 239 1490 non
261 1427 376 1491 iustam
400 1431 433 1489 et
454 1423 623 1491 honestam
650 1429 807 1491 rationem
836 1427 927 1509 sequi
957 1425 1120 1501 mulieres,
1149 1427 1207 1492 sed
1236 1429 1345 1511 potius

175 1528 375 1612 trepidantes
396 1527 503 1592 animo
525 1527 676 1596 decidere
698 1530 831 1612 exponit
852 1535 914 1594 sat
936 1528 980 1593 Vl
1002 1550 1031 1592 v.
1047 1528 1105 1593 962

325 1668 384 1712 neo
405 1648 551 1714 tremulis
572 1655 707 1734 possunt
729 1647 871 1712 insistere
886 1647 1016 1731 plantis.

176 1765 261 1831 Satis
292 1765 397 1830 elucet
429 1765 490 1832 hoo
522 1767 592 1834 loeo
626 1768 797 1833 satirarum
834 1765 1022 1850 scriptorem
1055 1765 1153 1832 serbe
1187 1761 1281 1851 Verg.
1311 1769 1345 1835 in

176 1869 253 1933 Aen.
276 1867 323 1932 XI
343 1889 371 1932 v.
387 1867 465 1934 573:

327 1965 437 2052 thue
458 1971 576 2055 pedum
599 1970 710 2060 primis
733 1969 838 2037 inians
860 1969 995 2055 vestigia
1012 1971 1140 2056 ploretis.

327 2071 491 2138 Imtiterot

175 2177 223 2241 ita
246 2181 396 2253 mutasse,
420 2175 512 2240 utin
533 2195 600 2239 rem
623 2195 714 2242 suem
736 2183 960 2260 oongruerent‚

264 2301 334 2368 Hoe
369 2304 401 2368 in
438 2322 571 2368 numero
610 2299 778 2370 mulierum
813 2303 1132 2370 seeleratissimarum
1170 2307 1347 2389 prseoipue

175 2405 362 2472 Caesoniam
400 2405 563 2490 quandam
600 2403 696 2470 effert
725 2403 904 2482 Iuvenalis,
939 2408 1029 2472 ouius
1064 2405 1225 2476 veneficae
1261 2409 1346 2473 eius·

175 2510 312 2592 demque
343 2508 498 2592 principis
524 2507 633 2574 uxoris
662 2507 896 2572 medicamenta
926 2503 1054 2574 Caesari
1082 2509 1188 2575 infusa
1219 2507 1345 2575 sutili

174 2634 201 2676 v.
218 2609 281 2674 616
302 2609 459 2675 illustrat:

327 2712 386 2778 Oui
408 2718 510 2778 totam
532 2712 660 2775 tremuli
679 2711 816 2793 frontem
841 2711 996 2777 Caesonia
1013 2711 1098 2798 pselli

325 2811 455 2881 Infodit

175 2939 361 3023 Comparari
384 2945 493 3022 potest
515 2937 609 3021 Verg.
632 2939 708 3004 Aen.
732 2936 774 3001 IV
797 2960 824 3002 r.
837 2938 915 3003 515:

326 3037 499 3118 Quaeritur
521 3046 554 3106 et
576 3040 732 3104 noscentis
752 3039 823 3126 equi
844 3040 886 3105 de
905 3039 1012 3119 fronte
1033 3040 1175 3108 revolsus

324 3142 367 3210 Et
388 3144 485 3208 matri
507 3149 701 3228 praeruptus
723 3162 814 3207 amor
837 3189 898 3206 ...

174 3266 279 3330 neque
302 3244 435 3310 dubium
458 3250 516 3321 est,
540 3244 617 3326 quin
639 3241 711 3308 fons
732 3243 840 3308 inerit.

259 3374 340 3438 Item
362 3390 563 3437 recurramus
586 3370 628 3434 ed
651 3369 786 3454 Vergilii
807 3369 922 3452 Georg.
943 3369 990 3436 ΠΙ
1011 3391 1039 3434 v.
1054 3372 1133 3440 2822

327 3473 557 3558 Hippomanes,
581 3473 667 3555 quod
690 3492 788 3555 saepe
809 3471 915 3538 malae
937 3471 1044 3558 legere
1066 3493 1225 3554 emersae,

175 3594 261 3662 unde
283 3593 509 3660 Iuvenalisnus
529 3615 638 3660 versus
661 3599 810 3678 reseptos
832 3599 882 3660 est
903 3599 962 3658 sat
984 3593 1029 3657 Vl
1050 3595 1168 3672 ν.133,Ἰ
1190 3594 1268 3660 1342

326 3712 544 3797 Hippomanes
565 3731 759 3794 eormenque
781 3711 896 3794 loquar
919 3719 1109 3796 costumque
1132 3735 1288 3782 venenum

325 3813 536 3902 Prioipmoque
557 3816 679 3882 datum.

259 3944 330 4022 Qua
353 3944 547 4027 cogitatione
568 3942 728 4009 luvenalis
750 3941 900 4026 exposuit
921 3961 956 4008 se
977 3960 1070 4008 suum
1093 3941 1222 4008 dioendi
1243 3963 1346 4026 genos

174 4047 340 4130 proprium
361 4052 462 4128 atque
490 4051 715 4130 argumentum
744 4043 968 4127 neglegentem
997 4050 1101 4110 certos
1124 4043 1246 4110 satirae
1266 4044 1345 4110 lines

174 4147 356 4230 transgredi
387 4167 504 4230 resque
532 4147 690 4214 disserere
718 4145 847 4228 dignes,
880 4165 965 4227 qnae
993 4166 1013 4209 a
1035 4144 1192 4230 Sophocle
1220 4147 1255 4211 in
1276 4155 1346 4212 tra-

173 4249 296 4334 goediis
332 4254 533 4329 tractentur,
570 4249 706 4317 eandem
743 4245 901 4332 Vergilius
941 4246 1129 4327 illustrarit,
1175 4266 1240 4330 quo
1275 4246 1345 4314 loeo
