3054 4846
764 256 806 322 30

283 444 320 512 lu
348 440 542 512 Aeneidell
573 463 603 508 v.
618 440 683 508 365
697 461 745 524 sq.
779 439 939 525 Vergilius
971 446 1092 507 metum
1124 461 1164 508 ao
1195 442 1379 510 tumultum

199 548 410 614 Troianorum
438 544 629 629 fugientium
658 548 693 610 et
717 542 952 626 trepidantium
981 541 1197 626 puloherrime
1224 545 1379 629 depingit

199 670 317 734 sosque
345 652 513 732 oomparat
540 666 615 714 eum
647 645 733 730 lupis
766 646 800 712 iu
838 645 994 729 praedam
1031 645 1227 712 irruentibus
1257 667 1284 711 v.
1306 647 1378 713 356

242 752 320 818 357·
639 869 720 933 quos
740 847 890 932 improba
911 849 1028 914 usaria

349 951 464 1036 Exegit
485 969 597 1018 oaaoos
617 949 720 1016 rabies

198 1075 296 1138 quam
318 1054 565 1138 desoriptionem
586 1055 706 1138 optime
727 1054 903 1168 assumpsit
924 1049 990 1168 Ius.
1006 1057 1066 1119 sat
1081 1051 1140 1120 XV
1163 1073 1191 1118 v.
1205 1053 1373 1120 99-100:

348 1256 479 1344 (legabat
500 1258 594 1325 saeui
613 1258 731 1322 ventris
749 1153 998 1340 furorqmdqmd

198 1361 254 1429 ubi
293 1360 429 1445 „longae
464 1360 569 1427 diram
604 1359 779 1428 obsidionis
811 1363 1007 1444 egestatem“
1045 1357 1227 1427 Vasconum
1262 1362 1371 1445 gentis

197 1464 348 1530 illustrat.

282 1583 389 1666 Atque
416 1581 478 1648 hae
507 1581 638 1664 quidem
664 1579 859 1646 imitationes
880 1579 1123 1661 Iuvenalianae,
1152 1603 1237 1666 quae
1265 1585 1370 1650 eonti-

198 1691 317 1752 nentur
338 1685 492 1751 sermonis
515 1683 621 1750 eolore
643 1703 684 1748 ex
704 1680 846 1765 Vergilio
868 1681 1069 1766 deprompto,
1092 1686 1368 1765 translationibus,

198 1786 502 1873 eomparetionibus,
525 1785 719 1870 imaginibus
741 1785 818 1852 inde
831 1786 1006 1868 assumptis
1021 1785 1098 1850 milri
1114 1795 1241 1853 exstare
1256 1789 1369 1854 viden-

197 1897 265 1956 tur:
293 1910 379 1956 nune
399 1889 433 1954 in
455 1886 561 1953 altera
581 1886 676 1954 huius
698 1888 933 1954 dissertationis
955 1895 1048 1971 parte
1070 1887 1246 1972 Vergilium
1268 1891 1366 1957 etiam

196 1993 230 2058 in
260 1991 356 2058 rebus
385 1990 602 2074 grammaticis
634 1994 668 2056 et
696 1991 837 2056 metrieis
865 1989 912 2055 illi
940 1989 1087 2074 exemplo
1114 1989 1212 2058 fuisse
1233 1992 1365 2060 demon-

197 2094 383 2161 suabinus

282 2211 524 2296 Perlegentibus
545 2211 639 2288 nobis
661 2212 778 2278 satiras
800 2211 1025 2279 Iuvenalianas
1052 2211 1232 2297 eomplures
1253 2235 1366 2281 oeour-

197 2321 275 2383 runt
295 2315 367 2394 looi,
391 2314 508 2398 quibus
530 2317 628 2398 polita
649 2321 728 2393 „ao“
749 2314 911 2397 particula
937 2316 1049 2381 eodem
1071 2315 1176 2394 modo,
1200 2338 1265 2399 quo
1285 2315 1375 2382 Ver-'

197 2420 291 2504 gilius
313 2438 390 2484 usus
411 2437 480 2482 esse
503 2416 639 2481 videtur.
676 2414 737 2492 Qui
760 2437 832 2481 oum
856 2416 1003 2498 oopulam
1026 2417 1088 2483 hae
1110 2418 1270 2500 particula
1285 2425 1363 2497 „ao“

197 2522 357 2606 exprimat
379 2519 603 2600 „sententiam
634 2535 719 2600 quae
741 2515 891 2583 effectum
912 2519 1048 2584 aetionis
1070 2521 1248 2586 sententiae
1269 2541 1364 2605 prae-

196 2643 327 2709 gressae
359 2620 525 2704 exprimit,
558 2619 736 2704 adiungere
762 2618 873 2700 solet“,
911 2619 945 2684 id
973 2620 1060 2703 quod
1087 2622 1290 2690 doctissimus
1311 2624 1365 2690 ille

196 2727 231 2793 L.
254 2723 292 2790 Ο.
314 2723 515 2806 Kiaerius¹⁸)
538 2723 692 2806 exposuit.
732 2721 934 2804 Quamquam
955 2723 983 2788 is
1005 2723 1082 2805 quia
1102 2726 1231 2806 gravius
1251 2731 1365 2792 sonent

195 2849 218 2894 a
238 2823 389 2893 Iuvenale
410 2822 529 2890 formas
545 2830 625 2903 „ao“
648 2828 681 2889 et
696 2831 796 2902 „nee“
817 2823 939 2905 ubique
959 2823 1117 2909 praeferri
1139 2828 1238 2893 videri
1260 2828 1363 2912 purti-

196 2930 276 2996 eolis
297 2927 455 2994 similibus
476 2947 533 2991 suo
555 2927 624 2991 iure
647 2925 820 3002 contendit,
842 2930 952 2990 tamen
973 2947 1038 2991 non
1061 2933 1110 2993 est
1126 2949 1183 2994 our·
1198 2949 1363 2998 eommune

196 3031 329 3115 Vergilii
352 3029 518 3114 exemplar
539 3034 682 3095 seoutam
701 3028 794 3093 illum
815 3048 884 3095 esse
907 3047 1076 3112 negemus,
1110 3031 1166 3112 qui
1188 3032 1300 3097 eadem
1323 3035 1362 3100 de

197 3154 295 3201 eausa
316 3137 350 3198 et
372 3133 498 3197 ratione
519 3131 714 3215 particulam
737 3137 816 3209 „ao“
840 3131 1052 3214 usurpaverit.

280 3252 387 3318 Missis
409 3250 481 3317 aliis
503 3250 656 3333 exemplis
678 3250 742 3316 huo
762 3249 958 3316 revocandos
980 3269 1049 3315 esse
1064 3254 1216 3334 putamus
1231 3252 1360 3335 Vergilii

195 3356 229 3420 iu
251 3354 318 3421 Eoi.
339 3352 383 3419 IV
405 3374 433 3419 v.
450 3353 479 3430 9,
505 3353 558 3416 10:

346 3454 396 3520 Tu
417 3453 512 3518 modo
533 3455 678 3519 nascenti
700 3473 811 3537 puero,
835 3474 899 3535 quo
921 3451 1026 3520 ferrea
1048 3455 1187 3538 primum

347 3555 489 3635 Desinet,
511 3575 548 3620 ao
570 3560 639 3622 toto
661 3561 772 3640 surget
792 3575 872 3640 gens
894 3575 994 3622 aurea
1015 3557 1136 3621 mundo

108 3727 109 3730 ,
195 3658 246 3725 vel
266 3659 299 3723 iu
321 3657 400 3724 Aen.
422 3657 439 3721 l
459 3679 487 3722 v.
502 3658 554 3735 82,
577 3656 632 3721 832

348 3758 480 3843 Impulit
500 3759 533 3822 in
555 3758 657 3824 latus:
679 3759 825 3824 essenti
847 3759 936 3825 velut
956 3761 1084 3840 agmine
1108 3760 1194 3828 laeto

347 3860 419 3941 Qua
439 3861 518 3926 data
538 3867 635 3943 porta
657 3865 763 3927 ruunt

266 4150 299 4218 ¹⁸)
325 4149 482 4204 Sermonem
511 4147 543 4202 D.
571 4149 644 4202 Iunii
671 4147 807 4204 iuvenalis
834 4151 917 4204 eertis
945 4149 1052 4219 legibus
1079 4153 1223 4208 astrictum
1251 4155 1358 4210 demon·

195 4240 284 4291 strare
301 4240 416 4291 conatus
433 4240 476 4290 est
496 4235 654 4305 Ludolphus
672 4235 702 4289 0.
721 4235 813 4303 Riese,
832 4235 957 4290 [dauniae
976 4237 1054 4292 1875.
