3054 4846
767 317 808 382 37

285 503 353 567 Iam
374 502 417 567 ad
440 501 646 583 parodiacam
669 502 879 567 imitationem
902 491 1054 580 uenimus,v
1078 525 1175 585 quarn
1190 527 1211 569 a
1225 503 1374 571 Iuvenale

201 605 310 670 multis
332 605 410 668 locis
432 622 616 685 expressam
639 623 707 667 essa
729 625 824 668 nemo
848 625 911 668 nou
928 605 1093 683 concedat,
1117 613 1291 689 postquam
1307 608 1375 673 eius

201 710 318 775 satiras
340 704 479 790 perlegit
492 707 545 787 18).
1273 777 1278 786 ,
1395 785 1397 789 ι

185 843 187 848 ⁴
287 810 334 873 Ac
356 828 429 872 vero
451 805 609 871 Iuvenalis
630 806 692 870 hoc
714 806 901 871 imitationis
926 826 1045 890 genere
1074 807 1122 872 ita
1143 829 1219 874 usas
1242 815 1305 886 est,
1339 815 1376 873 ut

202 931 260 995 per
282 910 394 974 ludum
418 913 452 974 et
473 909 577 972 iocum
600 928 831 990 nonnunquam
854 928 947 974 voces
969 906 1172 991 Vergilianas
1195 917 1376 976 assumeret

202 1014 242 1078 iis
262 1012 355 1088 locis,
388 1010 504 1093 quibus
535 1011 567 1074 in
596 1029 663 1074 rem
693 1010 855 1091 quadrare
885 1015 1026 1094 putaret
1073 1010 1162 1089 Quae
1192 1011 1320 1078 dicendi
1344 1019 1377 1076 et

203 1115 414 1197 componendi
436 1113 519 1177 ratio
542 1133 613 1176 cnm
636 1113 669 1176 in
690 1115 806 1194 poetae
832 1117 950 1178 natura
981 1112 1174 1195 ingenioque
1197 1114 1304 1197 posita
1324 1115 1375 1188 sit,

203 1226 241 1284 ut
270 1215 429 1281 Iuvenalis
455 1213 662 1298 parediarum
690 1213 847 1295 originem
881 1221 914 1278 et
946 1214 1106 1280 rationem
1139 1235 1377 1297 cognoscamus,

203 1319 304 1403 ipsius
326 1316 464 1381 indolem
488 1337 561 1380 cum
583 1314 723 1398 Vergilio
746 1335 933 1397 comparare
956 1315 1119 1383 debemus.

288 1420 348 1497 lia,
379 1439 462 1501 quae
493 1417 533 1481 de
560 1415 693 1499 Vergilii
722 1422 840 1482 natura
869 1422 968 1499 atque
1001 1419 1130 1502 ingenio
1155 1419 1242 1483 inter
1267 1439 1378 1483 omnes

205 1527 364 1599 constant,
398 1519 478 1585 nihil
496 1520 568 1583 novi
590 1517 811 1599 adiungamus.
857 1518 992 1583 Omnino
1015 1520 1047 1582 in
1072 1541 1109 1585 eo
1132 1520 1238 1585 inerat
1259 1526 1378 1586 natura

204 1626 246 1692 ab
269 1623 416 1689 omuibus
438 1620 533 1685 rebus
556 1620 714 1701 corruptis
737 1625 769 1685 et
791 1619 975 1702 depravatis
998 1620 1105 1686 aliena
1128 1623 1182 1701 Ita,
1214 1628 1252 1686 ut
1273 1620 1377 1686 Hora-
1435 1651 1438 1658 ·

205 1728 320 1810 tius¹⁹)
343 1724 540 1808 „optimum“
571 1741 642 1786 eum
671 1722 896 1805 „animamque
928 1722 1122 1788 candidam“
1156 1723 1378 1808 appellaverit.

205 1829 268 1894 Sed
293 1849 363 1893 cum
388 1846 450 1889 nen
474 1824 555 1888 mira
579 1821 685 1887 indole
708 1843 888 1905 magnoque
909 1824 1030 1906 ingenii
1048 1826 1194 1892 acumine
1209 1824 1378 1916 praeditus

207 1936 304 2006 esset,
334 1947 458 1992 summa
482 1924 664 1990 inveniendi
687 1925 732 1988 vis
755 1925 882 2004 deerat,
914 1947 978 2008 quo
1006 1928 1127 1993 factum
1150 1947 1219 1992 esse
1241 1925 1378 2002 videtur,

206 2038 244 2095 ut
273 2029 430 2112 imprimis
463 2028 531 2092 eius
564 2027 691 2091 bonitas
725 2026 887 2109 animique
920 2028 1091 2095 clementia
1121 2036 1154 2095 et
1186 2028 1378 2104 humanitas,

209 2153 292 2215 quae
315 2130 406 2195 nobis
428 2128 574 2212 plurimis
597 2129 772 2192 carminum
796 2128 876 2193 Iocis
906 2137 1095 2208 occurrunt,
1126 2152 1241 2197 causae
1263 2138 1379 2210 essent,

209 2256 265 2298 cur
287 2254 307 2297 a
330 2232 506 2315 posteriore
528 2233 624 2311 poeta
646 2229 764 2294 acriter
788 2236 822 2294 et
836 2229 950 2296 festive
966 2250 1063 2315 saepe
1076 2233 1380 2316 perstringerentur.

208 2335 367 2400 Nimirum
398 2336 496 2416 poeta
525 2332 689 2407 satiricus,
721 2352 816 2412 quem
846 2331 990 2416 Scaliger
1018 2353 1143 2412 eorum,
1178 2335 1234 2416 qui
1263 2334 1380 2400 satiras

278 2619 310 2686 ²⁸)
331 2619 367 2672 Ut
384 2615 602 2686 praeclarissima
624 2612 755 2667 nonnulla
773 2611 950 2680 parediarum
973 2613 1100 2683 exempla
1124 2615 1250 2684 afferam,
1278 2617 1380 2688 quibus

209 2705 346 2760 Iuvenalis
366 2703 435 2757 alios
452 2702 599 2758 nonnullos
617 2703 727 2770 practer
747 2696 897 2766 Vergilium
915 2704 1013 2769 poetas
1032 2701 1157 2770 irriserit,
1175 2720 1330 2773 compares:

208 2798 259 2847 sat.
278 2793 317 2846 III
336 2811 361 2846 v.
383 2793 446 2845 104:
466 2806 630 2846 consumas
650 2802 716 2855 ergo
734 2800 815 2855 pares
876 2806 880 2818 ·

210 2886 239 2935 et
257 2879 338 2933 Mart.
357 2877 453 2947 Epigr.
471 2879 506 2943 II,
528 2879 577 2933 18:
593 2876 650 2930 iarn
669 2889 761 2926 sumus
781 2888 845 2942 ergo
863 2889 957 2943 pares;

210 2973 261 3021 sat.
278 2967 329 3022 VII
347 2985 373 3019 v.
394 2965 545 3019 rto-117:
564 2961 717 3017 Consedere
735 2960 831 3013 duces:
849 2960 940 3031 surgis
958 2966 990 3016 tu
1008 2963 1129 3032 pallidus
1146 2961 1216 3016 Aiax

356 3054 486 3108 Dicturus
504 3051 590 3106 dubia
606 3067 657 3119 pro
674 3048 811 3113 libertate,
829 3046 950 3104 bubulco

358 3140 453 3194 Iudice

212 3235 239 3284 et
257 3230 337 3284 Ovid.
355 3229 422 3284 Met.
442 3226 508 3280 XIII
527 3243 551 3279 v.
573 3229 595 3292 l,
614 3229 643 3278 2:
664 3223 816 3278 Consedere
834 3223 917 3277 duces
936 3226 964 3275 et
981 3221 1057 3292 uulgi
1075 3224 1168 3276 stante
1186 3233 1289 3278 corona

357 3315 453 3384 Surgit
469 3313 505 3368 ad
524 3312 573 3366 hos
593 3311 675 3382 clipei
693 3310 819 3365 dominus
837 3310 1022 3380 septemplicis
1040 3309 1124 3362 Aiax.

210 3404 268 3457 Iuv.
287 3408 338 3456 sat.
357 3401 392 3454 VI
417 3419 441 3457 u.
461 3399 641 3455 7:1'urbavic
657 3397 760 3452 nitidos
779 3397 918 3452 extinctus
936 3412 1030 3467 passer
1048 3396 1149 3451 ocellos

211 3496 238 3545 ct
257 3490 354 3543 Catuli.
373 3489 412 3541 III
429 3505 456 3542 v.
479 3489 519 3553 13,
540 3489 585 3539 15:

753 3572 780 3626 lo
798 3570 903 3624 miselle
921 3586 1016 3640 passer
1032 3600 1067 3608 —

359 3660 464 3716 Tlendo
482 3659 615 3728 turgiduli
634 3658 736 3712 rubent
753 3658 847 3724 ocelli3

211 3756 263 3807 snt.
283 3751 319 3805 VI
338 3769 362 3804 r.
382 3750 446 3801 227:
466 3745 667 3814 impatiensque
686 3761 778 3799 morae
796 3744 861 3816 silet

211 3845 240 3894 et
257 3839 306 3892 Sil.
327 3837 389 3892 Ital.
405 3836 475 3890 Pan.
494 3834 559 3889 VIII
577 3851 603 3887 v.
622 3835 653 3888 I:
671 3833 873 3902 Impatiensque
891 3846 984 3884 morae
998 3829 1108 3898 fremIt3

212 3931 262 3981 sat.
282 3924 319 3977 VI
335 3941 360 3982 v.
379 3925 443 3976 447:
462 3921 616 3990 quadrante
633 3920 728 3986 lavari,

213 4017 241 4068 et
258 4009 324 4066 Hor.
341 4008 428 4063 Satl
450 4010 474 4076 3,
495 4010 558 4062 137:
579 4007 643 4062 dum
665 4010 695 4061 tu
714 4004 868 4074 quadrante
886 4003 1019 4072 lavatnm3

212 4103 262 4155 sat.
282 4096 320 4151 III
338 4115 363 4152 v.
383 4099 429 4150 37:
448 4086 528 4153 αὐτὸς
545 4091 601 4164 γὰρ
618 4093 760 4164 ἐφέλκεται
777 4087 864 4162 ἄνδρα
883 4088 1013 4152 κίναιδος,

213 4191 241 4241 et
259 4185 338 4239 IIom.
357 4183 407 4237 Od.
427 4183 451 4235 II
470 4200 494 4237 v.
512 4181 578 4235 294:
598 4177 678 4239 αὐτὸς
695 4177 749 4249 γὰρ
767 4179 908 4249 ἐφέλκεται
925 4171 1014 4248 ἄνδρα
1032 4175 1154 4248 σίδηρος.

284 4288 319 4359 l⁹)
338 4287 403 4343 Hor.
422 4290 472 4340 sat.
491 4286 504 4339 I
523 4287 547 4352 5,
566 4287 608 4338 40.
