3054 4846
263 493 357 578 Verg.
379 493 458 558 Aen.
480 491 509 557 V
531 514 559 557 s.
577 491 655 557 818:

413 592 625 676 manibusque
646 611 750 656 manes
771 589 905 673 effundit
924 587 1059 655 nonna

263 703 297 763 et
317 696 384 763 Iur.
408 701 469 762 sat
491 695 566 762 XIV
588 717 616 762 s.
631 694 710 760 2302

414 798 479 866 Dat
499 798 681 865 libertatem
703 802 738 862 et
760 801 841 860 totas
862 791 996 876 nsandei
1016 791 1170 873 habenas;

355 899 675 966 commemorandum
715 903 766 964 est
800 895 985 962 iuvenalem
1019 895 1223 980 Vergilianas
1259 919 1353 964 vooss
1391 901 1434 967 de

261 1003 376 1086 auriga
402 1009 574 1088 usurpatas
604 999 808 1068 transtulisse
835 997 878 1065 ad
899 1004 1041 1084 patrem,
1074 998 1132 1082 qui
1154 1019 1291 1083 puerum
1311 1001 1433 1068 eduae-

262 1107 350 1170 tione
372 1105 533 1170 moderari
560 1109 742 1188 nonpotest.
785 1100 889 1180 Quam
918 1100 1091 1166 dlutionem
1122 1101 1221 1168 etiam
1242 1103 1330 1187 apud
1352 1103 1433 1171 alios

261 1211 391 1291 peitate,
426 1215 463 1272 ut
489 1205 653 1272 Valerium
682 1203 849 1281 Flaooum,
881 1201 1076 1280 invenimus,
1108 1203 1165 1286 qni
1193 1203 1325 1286 quidam
1354 1211 1433 1272 ante

259 1307 442 1374 quenalem
469 1308 611 1392 scripsit,
643 1307 700 1374 sed
730 1305 784 1372 hie
811 1306 881 1373 siue
902 1304 1000 1370 dubio
1021 1304 1199 1389 Vergilium
1221 1313 1350 1375 seontns
1372 1314 1432 1376 ost.

259 1410 329 1476 Iam
350 1411 392 1476 ad
416 1409 506 1475 illam
527 1409 718 1474 imitationis
740 1409 878 1491 speeiem
908 1405 1078 1474 nonnullos
1099 1406 1187 1473 looos
1207 1407 1431 1492 adiungamus,

260 1511 379 1596 quibus
402 1510 561 1577 luvenalis
584 1511 743 1594 quasdam
763 1529 858 1576 voces
879 1529 989 1576 versus
1011 1509 1215 1576 exordIsntes
1238 1510 1279 1577 ds
1292 1510 1435 1596 Vergilio

258 1615 387 1682 ridetur
408 1619 574 1679 mutuatus
596 1633 674 1678 esse.

343 1714 415 1794 Qua
435 1715 469 1781 in
491 1715 617 1780 rationo
639 1713 787 1780 imitandi
809 1712 921 1778 endem
945 1713 1036 1779 nobis
1057 1712 1195 1780 dioeuda
1224 1719 1316 1792 sunt,
1346 1736 1433 1798 quae

259 1819 299 1883 de
320 1818 400 1884 loeis
431 1816 561 1882 vooibus
591 1817 743 1883 extremis
769 1813 946 1882 simillimis.
990 1814 1132 1882 Transeo
1158 1815 1257 1896 igitur
1278 1815 1322 1880 ad
1344 1837 1433 1882 oom-

257 1918 405 2004 paranda
435 1917 592 1984 nonnulla
619 1917 782 2001 exempla,
815 1937 898 2001 quae
923 1916 1082 1984 Iuvenalis
1110 1937 1174 1984 non
1205 1916 1274 1982 sine
1295 1914 1433 2000 Vergilii

259 2020 455 2088 anctoritate
478 2021 643 2104 scripsisse
665 2020 812 2086 ridetur:

256 2123 350 2206 Verg.
374 2124 490 2206 Georg.
513 2121 560 2187 Ill
581 2144 610 2187 v.
630 2122 708 2187 103:
731 2121 845 2186 Nonne
865 2121 951 2186 rides
972 2141 1045 2186 oum

257 2233 290 2292 et
311 2226 377 2291 lus.
399 2231 460 2290 sat.
482 2222 530 2287 111
549 2245 579 2288 u.
594 2223 674 2289 249:
698 2221 810 2288 Nonne
831 2223 917 2288 vides
938 2229 1076 2307 quanta

256 2331 334 2393 Aen.
356 2327 402 2392 IX
424 2347 451 2391 v.
468 2325 546 2390 300:
567 2323 631 2388 Per
651 2331 748 2408 capnt
768 2325 831 2390 hoo
854 2326 926 2388 iuro

256 2429 322 2495 Ius.
346 2433 405 2494 sat
426 2426 471 2492 VI
492 2448 520 2492 v.
540 2424 589 2502 16,
614 2424 666 2490 17:
689 2426 800 2491 iurare

300 2582 304 2589 .
410 2526 471 2591 Per
493 2531 589 2612 capnt
610 2527 743 2593 alterius
764 2553 810 2604 ..;

257 2629 323 2696 Eoi.
345 2628 377 2694 II
397 2651 425 2694 v.
441 2627 477 2693 2:
499 2627 640 2693 Delicias
661 2628 802 2710 domini;

258 2739 292 2799 et
312 2738 373 2798 sat.
395 2729 440 2795 VI
460 2752 489 2795 v.
505 2732 561 2796 47:
582 2729 723 2795 Delicias
745 2730 901 2809 hominis;
1488 2743 1490 2822 t

258 2837 336 2900 hen.
358 2832 434 2899 VIII
454 2854 482 2898 s.
501 2832 578 2897 158:
602 2831 889 2898 Laomedontiaden
911 2833 1074 2898 Priamum

257 2944 292 3004 et
312 2942 374 3003 sat.
397 2935 440 3000 VI
461 2956 489 3018 y.
504 2936 583 3001 326:
604 2933 897 2999 Laomedontiades.

341 3036 411 3102 llus
436 3033 607 3102 referenda
636 3035 763 3103 videtur
795 3057 864 3103 esse
896 3037 1063 3122 anaphora
1094 3040 1207 3108 eodem
1236 3046 1335 3111 serbo
1369 3068 1428 3112 ex-

257 3159 371 3225 pressa
393 3139 427 3202 in
448 3138 527 3202 Aen.
547 3137 594 3202 111
615 3160 642 3201 v.
659 3137 715 3203 85:

407 3237 462 3302 Do
483 3238 656 3321 propriam,
678 3238 864 3324 Tymbraee,
888 3240 1027 3318 domum,
1049 3242 1093 3308 do

257 3346 291 3407 et
313 3347 373 3407 sat.
395 3340 427 3406 X
448 3363 475 3406 v.
493 3338 569 3404 188:
591 3336 646 3402 Do‘
668 3341 807 3423 spatium
829 3343 924 3420 vitae,
947 3343 1064 3410 multos
1086 3345 1137 3411 do.

342 3440 589 3525 Progrediamur
610 3461 696 3505 nuno
723 3441 766 3508 ad
795 3442 965 3510 nonnullas
987 3447 1214 3516 translationes
1236 3451 1301 3518 sive
1325 3461 1426 3522 meta·

256 3544 375 3628 phoras
401 3541 635 3608 Iuvenalianas.
685 3541 836 3610 Videmus
863 3545 896 3610 in
924 3547 1032 3613 satiris
1061 3568 1289 3635 nonnunquam
1319 3563 1426 3625 sertas

256 3645 387 3728 quidem
408 3643 542 3726 Vergilii
562 3663 670 3722 soom,
699 3649 836 3727 quar'um
865 3647 1131 3730 signitioationem
1153 3672 1260 3719 reram
1289 3677 1329 3722 ao
1349 3679 1426 3741 pro-

255 3748 359 3831 priam
382 3745 540 3827 Vergilius
561 3743 720 3824 adhibuit,
743 3747 916 3814 translatas
938 3769 1008 3814 esse
1030 3750 1074 3815 ad
1096 3755 1289 3822 sententiam
1303 3759 1426 3843 impro-

255 3850 360 3932 priam
381 3867 421 3913 ao
441 3846 630 3929 figuratam,
659 3847 746 3929 quod
775 3849 948 3933 apparebit
968 3854 1207 3935 comparatione
1230 3854 1318 3925 faeta
1338 3861 1425 3927 inter

256 3947 350 4032 Verg.
372 3950 448 4013 heu.
470 3945 532 4011 XII
553 3968 582 4011 s.
596 3948 669 4026 474,
690 3949 771 4014 475:

901 4051 1040 4118 hirundo
1143 4043 1144 4048 ¹

406 4149 531 4216 Pabula
550 4170 651 4235 parva
671 4150 780 4234 legens
800 4152 945 4238 nidisque
965 4154 1145 4239 loquacibus
1165 4177 1265 4238 meas,

255 4271 320 4336 quo
351 4250 421 4316 loeo
454 4251 544 4329 „nidi
572 4252 744 4336 loquaces“
772 4253 924 4320 dicamur
955 4255 1136 4326 hirundinis
1166 4261 1247 4344 pulli
1278 4265 1423 4334 nondum
