3054 4846
746 289 765 352 7

173 472 334 535 noscimus
355 469 497 552 linguam
524 472 681 556 paulatim
709 473 865 540 imitando
894 473 1055 539 excultam
1077 495 1147 540 esse
1167 480 1202 540 et
1223 496 1342 559 propa·

172 577 282 653 getam
310 592 350 638 ea
376 571 524 638 videlicet
549 576 694 654 ratione,
730 583 767 641 ut
787 578 877 660 prior
906 575 1045 659 scriptor
1065 577 1234 660 posteriori
1257 581 1343 642 esset

173 674 328 758 exemplo.
366 674 500 741 Ineunte
521 676 606 740 enim
627 697 744 742 aureae
767 678 938 743 latinitatis
953 683 1061 742 aetate
1075 677 1206 755 Ennius,
1229 683 1344 761 postea

173 774 315 842 Lucilius
337 783 409 841 eret
430 777 613 861 exemplum
642 779 746 861 poetis
771 779 815 844 sd
843 779 1035 845 imitandum
1065 778 1280 863 propositum,
1309 786 1344 845 et

172 876 300 942 illorum
331 881 501 961 poiitarum
532 879 743 960 elocutiones,
783 883 912 948 dicendi
944 881 1086 958 formae,
1120 881 1341 964 cogitationes,

172 980 441 1063 comparationes,
473 980 705 1067 descriptiones
727 983 958 1068 posterioribus
980 982 1084 1065 pc'etis
1107 981 1213 1050 lentes
1235 988 1339 1060 erant,

171 1079 256 1146 unde
277 1080 445 1146 haurirent
465 1082 600 1149 formam
624 1091 722 1168 atque
743 1091 967 1170 argumentum
988 1087 1182 1168 podmatum.

257 1201 501 1267 Accusatissime
524 1203 745 1271 Woldemarus
765 1204 997 1288 Ribbeelriusl)
1018 1203 1201 1282 illustravit,
1224 1201 1341 1285 quibus

171 1303 355 1369 auctoribus
377 1304 516 1387 plurima
538 1305 657 1372 debeat
678 1305 846 1390 Vergilius,
874 1327 969 1390 qoem
992 1306 1128 1372 eundem
1149 1306 1279 1388 poiitanr
1301 1323 1341 1369 ex

170 1403 318 1469 Lucretio
340 1405 479 1488 plurima
499 1405 643 1473 hausisse
671 1409 736 1474 iam
756 1415 880 1476 veteres
906 1409 1080 1492 scriptores
1101 1406 1339 1473 animadverte-

170 1511 255 1570 runt.
299 1506 422 1572 Gellius
430 1506 474 1590 6);
506 1507 600 1588 „Non
620 1509 719 1576 rerba
746 1510 830 1591 sola,
863 1511 984 1594 inquit,
1014 1509 1072 1576 sed
1098 1529 1208 1574 versus
1237 1528 1341 1592 prope

169 1613 256 1673 totos
283 1613 317 1672 et
346 1607 431 1674 locos
460 1630 588 1692 quoque
610 1610 752 1677 Lucretii
780 1611 934 1697 plurimos
955 1617 1114 1678 sectatum
1136 1631 1204 1676 esse
1226 1610 1341 1692 Vergi-

169 1709 247 1774 lium
268 1709 441 1776 ridemus“.
485 1709 667 1778 Macrobius
678 1713 705 1797 ⁰)
735 1720 845 1780 autem
872 1715 1028 1781 dictiones
1051 1712 1219 1796 multaque
1240 1711 1340 1778 verba

170 1814 362 1897 composuit,
386 1834 470 1895 quae
491 1813 547 1878 ille
570 1835 643 1880 cum
664 1815 706 1882 ab
728 1816 800 1882 aliis
821 1817 1044 1883 Romanorum·
1059 1815 1179 1900 pehtis,
1205 1819 1275 1880 tum
1297 1813 1340 1879 sb

169 1913 272 1980 Ennio
296 1920 329 1980 et
350 1914 500 1980 Lucretio
522 1918 668 2001 sumpsit
712 1917 854 1983 Lucretii
876 1919 1007 2002 quidem
1029 1919 1070 1984 de
1091 1938 1200 1982 rernm
1221 1921 1341 1982 natura

169 2014 244 2081 libri
265 2016 374 2082 multis
396 2019 511 2101 poetis,
534 2019 691 2102 imprimis
706 2019 851 2097 Horatio,
876 2019 981 2085 fontes
1004 2026 1106 2097 erant,
1129 2017 1216 2083 unde
1237 2017 1341 2083 multa

168 2124 368 2184 assumerent
394 2124 586 2202 argumenta
614 2120 797 2203 formasque
824 2121 953 2186 dicendi
983 2121 1192 2205 depromptas
1222 2121 1341 2186 earmi-

168 2221 262 2287 nibus
291 2222 476 2286 insererent
528 2220 614 2297 Quos
641 2221 813 2306 scriptores
842 2243 961 2289 aureae
994 2223 1111 2288 aetatis
1143 2223 1339 2306 posteriores

167 2326 283 2407 podtse
304 2328 338 2388 et
359 2323 486 2388 dicendi
510 2326 543 2388 et
570 2323 734 2406 cogitandi
765 2326 890 2390 ratione
915 2324 1034 2410 imitati
1061 2329 1152 2402 sunt,
1182 2323 1340 2408 imprimis

170 2425 193 2490 ii
214 2427 399 2508 scriptores,
430 2426 486 2507 qui
507 2445 618 2490 versus
639 2424 762 2492 heroici
784 2449 845 2492 usu
867 2433 901 2492 et
922 2429 1065 2507 ratione,
1095 2431 1133 2492 ut
1154 2425 1219 2490 iam
1241 2445 1340 2509 supra

170 2527 318 2605 diximus,
340 2527 478 2593 maxims
499 2526 543 2594 ad
563 2528 757 2595 imitandum
779 2528 991 2596 ducebantur.
1024 2528 1117 2606 Quod
1137 2527 1224 2592 idem
1240 2527 1340 2592 etiam

169 2629 279 2696 multis
301 2630 394 2695 annis
416 2636 646 2713 postmortem
673 2651 782 2696 eorum
812 2631 935 2697 factum
965 2651 1034 2697 esse
1056 2629 1230 2714 praecipue
1253 2649 1340 2695 oom-

168 2731 325 2815 probatur
356 2731 463 2797 satiris
496 2730 720 2798 Iuvenalianis.
772 2719 879 2817 Atque
906 2733 1082 2816 Vergilium
1113 2731 1258 2798 quenali
1290 2735 1341 2797 tot

170 2853 275 2898 rerum
307 2831 546 2916 formarumque
576 2835 700 2918 copiam
734 2836 777 2900 ad
805 2834 996 2901 imitandum
1031 2833 1218 2918 praebuisse
1250 2833 1339 2898 vide-

170 2933 284 3014 bimus,
307 2941 388 3018 quot
410 2957 470 3000 nec
491 2937 708 3002 Romanorum
730 2958 790 3002 nee
812 2936 1008 3003 Graecorum
1031 2937 1171 3020 scriptor
1192 2936 1284 3002 alius.

241 3056 381 3121 'Dixerit
402 3056 563 3139 quispiam
584 3055 768 3122 Iuvenalem
792 3077 855 3121 non
878 3055 981 3120 multa
1003 3061 1186 3132 mutuatum
1207 3075 1276 3121 esse
1299 3055 1339 3120 de

167 3155 307 3240 Vergilio
328 3158 472 3240 proxime
493 3163 569 3223 ante
593 3158 737 3236 cedente,
760 3158 817 3223 sed
841 3157 955 3222 iisdem
970 3156 1011 3222 de
1026 3155 1169 3223 fontibus
1185 3156 1339 3234 hausisse,

167 3257 284 3340 quibus
306 3265 382 3325 ante
404 3260 510 3342 ipsum
519 3257 680 3343 Vergilius
701 3280 778 3326 usus
800 3260 849 3326 sit.
884 3260 975 3336 Quae
997 3260 1106 3342 opinio
1128 3279 1192 3324 non
1209 3257 1338 3323 omnino

165 3359 300 3426 refutari
328 3367 445 3445 potest.
490 3361 583 3427 Multi
617 3363 700 3426 enim
728 3366 805 3426 sunt
833 3382 960 3440 versus,
994 3362 1097 3428 multa
1123 3358 1338 3438 hemistichia,

166 3481 251 3544 quae
273 3462 338 3527 sive
360 3462 471 3528 formis
494 3465 559 3528 sive
581 3461 677 3528 rebus
701 3463 882 3528 eommunis
904 3470 980 3529 sunt
996 3461 1213 3546 compluribus
1235 3463 1338 3544 politis

164 3563 227 3639 ita,
262 3568 300 3627 ut
327 3584 431 3647 paene
458 3566 492 3629 in
521 3565 746 3647 quotidianum
776 3565 906 3630 dicendi
934 3588 1028 3632 usum
1056 3564 1205 3631 abierint
1255 3561 1337 3628 Nam

165 3665 262 3729 moris
297 3671 370 3731 erat
400 3667 561 3750 quoslibet
597 3687 708 3733 versus
744 3667 861 3732 incude
897 3666 1144 3751 praeclarissimi
1181 3666 1337 3748 cuiusque

163 3769 279 3848 politae
305 3766 460 3834 formatos
488 3775 546 3835 aut
575 3788 737 3836 assumere
765 3769 1024 3853 carminibusque
1048 3769 1138 3836 novis
1159 3767 1337 3834 immiscere

234 4058 254 4126 ⁴)
276 4058 423 4128 Appendix
442 4059 608 4132 Vergiliana.

232 4162 254 4231 ⁶)
273 4163 374 4218 Noctes
392 4165 495 4220 atticae
513 4166 526 4219 1
544 4169 589 4230 21,
610 4166 634 4222 7.

231 4268 252 4336 ⁶)
271 4267 407 4322 Saturnal.
427 4269 474 4322 lib.
495 4270 542 4328 VI.
