3054 4846
225 1391 474 1476 Diligentissime
497 1392 720 1462 Woldemerus
748 1393 942 1460 Ribbeokius
955 1398 981 1479 ¹)
1008 1397 1049 1462 de
1072 1397 1203 1479 Vergilii
1235 1397 1312 1462 imi-=

137 1494 296 1560 tatoribus
318 1495 475 1578 exposuit,
498 1495 533 1562 iu
554 1516 619 1578 qno
644 1515 776 1562 numero
790 1497 891 1562 etiam
904 1496 1063 1564 Iuvenalis
1086 1499 1213 1563 dieitur.
1245 1497 1310 1575 Qui

136 1595 185 1662 rir
208 1595 412 1663 doctissimus
433 1617 505 1664 oum
527 1603 600 1674 oete
621 1597 709 1667 looos
728 1597 900 1675 attulisset,
924 1598 1040 1680 quibus
1055 1599 1307 1668 IuvenalisVer-

137 1696 250 1780 gilium
271 1697 416 1766 imitatus
438 1705 539 1778 esset,
567 1719 687 1784 operae
715 1701 856 1783 pretium
879 1720 948 1769 esee
971 1700 1049 1766 duxi
1070 1702 1252 1768 aeouretius
1274 1702 1308 1768 in

135 1800 304 1881 utriusque
325 1805 441 1883 poetae
463 1821 563 1886 opere
584 1801 747 1886 inquirere
771 1800 1020 1885 diligentiusque
1042 1802 1206 1884 indagare,
1234 1804 1307 1885 qui·

136 1900 199 1968 bus
224 1901 257 1965 in
285 1901 381 1968 rebus
409 1905 581 1972 satirarum
607 1905 747 1987 scriptor
764 1903 808 1968 iu
835 1904 977 1987 vestigiis
999 1903 1192 1988 Vergilionis
1213 1905 1306 1970 iusti-

135 2004 228 2072 tisset
248 2010 282 2070 et
303 2005 388 2072 illius
410 2006 557 2090 exempla
578 2011 708 2072 seoutue
729 2010 822 2076 esset.

220 2105 418 2190 Interpretes
439 2106 580 2190 quidem,
603 2107 659 2190 qui
680 2108 715 2172 iu
736 2105 866 2173 scholiis
878 2114 1175 2186 oommemerantur,
1200 2106 1307 2172 Gren-

135 2228 252 2292 gaeus,
285 2207 507 2286 Britannicus,
548 2207 603 2275 olii
636 2207 794 2274 Iuvenalis
831 2215 1097 2274 commentatores
1128 2208 1308 2292 permultos

136 2309 223 2376 loeos
252 2308 452 2394 Vergilianoe
486 2317 520 2376 et
541 2309 773 2377 >Iuvenu1ion0s
809 2311 901 2376 iuxta
928 2317 1113 2396 posueruut
1164 2313 1306 2389 Quorum

137 2414 422 2480 commentationes
442 2418 665 2497 perserutetus
687 2411 777 2480 nullo
799 2413 894 2479 modo
916 2419 1026 2496 portes
1049 2434 1158 2478 eorum
1174 2433 1306 2495 sequen-

136 2516 195 2585 das
217 2536 286 2583 esse
308 2515 462 2583 intellexi.
505 2515 617 2599 Neque
641 2517 726 2582 enim
749 2516 858 2600 negari
887 2521 996 2598 potest
1015 2514 1089 2582 illos
1108 2521 1307 2584 eommentas

136 2625 223 2688 tores
241 2620 323 2688 satis
345 2625 466 2702 temere
496 2619 531 2684 iu
558 2638 594 2684 re
624 2624 691 2684 tam
720 2616 859 2686 obseura
889 2625 1021 2700 mosque
1049 2616 1173 2686 difficili
1194 2619 1306 2702 egisse,

136 2722 202 2786 sive
224 2721 341 2786 multos
362 2719 458 2800 locos,
481 2741 562 2803 quos
577 2719 759 2786 Iuvenalem
778 2740 817 2785 ex
833 2718 974 2802 Vergilio
992 2718 1136 2785 hausisse
1159 2725 1306 2804 apparet,

136 2823 327 2902 omiserunt,
356 2822 421 2890 sive
444 2822 543 2888 etiam
564 2821 599 2886 in
621 2822 659 2888 iis
679 2821 757 2890 loeis
779 2820 1012 2900 quenalianis,
1044 2823 1100 2904 qui
1121 2843 1142 2887 a
1165 2821 1307 2904 Vergilio

136 2925 264 2991 omuino
286 2921 473 3000 abhorrent,
496 2923 739 2990 similitudinem
763 2923 927 3007 quandam
949 2921 1109 2988 uiderunt.

220 3024 348 3092 Etenim
376 3025 453 3092 lioot
478 3023 653 3101 nonnullus
680 3025 767 3092 looos
795 3023 943 3102 efferant,
974 3045 1110 3107 quorum
1133 3025 1309 3110 similitudo

136 3129 179 3196 sit
201 3134 324 3212 aperta,
348 3133 456 3192 tamen
478 3125 631 3210 permulti
652 3125 784 3211 probari
806 3147 869 3192 non
891 3132 1039 3210 possunt,
1062 3148 1134 3194 eum
1151 3128 1198 3194 illi
1211 3129 1310 3197 nimia

136 3230 256 3300 fiducia
277 3229 355 3297 elati
387 3225 627 3313 probabilitatis
655 3227 735 3296 fines
764 3227 883 3320 egressi
906 3227 940 3294 in
961 3227 1028 3294 leto
1051 3223 1309 3298 coniecturarum

136 3355 250 3420 eampo
272 3331 473 3416 regentum).

206 3543 226 3610 ¹)
245 3540 390 3610 Appendix
408 3501 577 3610 Vergiliana.

207 3627 338 3696 ²)Missie
365 3627 426 3682 aliis
454 3629 586 3698 exemplis
613 3626 734 3681 sufficiat
763 3626 832 3680 illud
862 3629 973 3692 uetere,
1006 3626 1078 3693 quod
1109 3625 1245 3696 imprimis
1275 3627 1310 3682 ab

17 3685 19 3810 Ξ
136 3715 167 3769 0.
186 3714 282 3769 Iahnio
300 3715 328 3768 iu
347 3713 459 3770 scholiis
483 3714 616 3770 eollatum
639 3718 682 3768 est
706 3730 767 3767 oum
794 3713 855 3768 loeo
872 3711 1042 3781 Vergiliano.
1078 3713 1110 3766 ln
1128 3713 1213 3766 satira
1238 3713 1311 3767 enim

17 3811 19 3840 ³
136 3803 194 3856 lv.
213 3804 263 3854 168
282 3802 398 3872 legitur:
426 3802 508 3866 „iude
527 3803 586 3858 irae
613 3804 643 3856 et
659 3801 817 3858 lsorimae“.
852 3800 929 3869 Quae
946 3816 1027 3874 renes
1046 3816 1063 3854 a
1080 3798 1228 3854 soluolieate
1246 3817 1310 3856 eon·

17 3887 19 3910 ³
136 3887 262 3942 feruntur
280 3905 343 3943 eum
361 3889 444 3960 Verg.
462 3889 531 3945 Aen.
551 3889 578 3943 11
596 3907 621 3944 v.
640 3889 689 3943 97:

481 3975 566 4045 „hine
582 3975 651 4031 mihi
669 3975 759 4045 prima
777 3974 843 4028 meli
861 3975 957 4030 lebes“

17 4059 19 4080 ¹
135 4063 190 4120 Sed
207 4062 415 4118 quenaliauum
433 4063 638 4120 hemioliohium
657 4066 767 4120 tentum
784 4061 873 4128 abest,
892 4065 925 4117 ut
942 4059 1040 4118 reterri
1059 4060 1147 4130 possit
1166 4060 1202 4116 ad
1214 4061 1310 4132 Vergi-

134 4152 210 4217 lium,
227 4152 260 4204 ot
276 4148 318 4204 illi
336 4150 413 4206 loeus
429 4151 483 4208 iste
498 4150 692 4221 Terentianus,
710 4149 797 4206 Andr.
816 4149 838 4219 1,
858 4154 882 4221 1,
903 4152 950 4207 99:
979 4149 1063 4220 „hine
1081 4148 1146 4206 illae
1164 4149 1312 4210 laenmae“

133 4242 199 4295 ante
215 4238 309 4295 oeulos
327 4235 418 4292 luerit.
