3054 4846
693 289 730 351 17

211 473 278 538 Iam
303 491 377 536 vero
407 473 439 534 in
469 471 679 554 depingendis
710 471 842 555 proeliis
863 492 902 535 ac
922 472 1194 539 decertationibus
1218 474 1299 540 Ver-

126 579 193 662 gilii
230 577 343 640 Aeneis
375 574 472 638 etiam
504 573 576 638 aliis
608 574 687 639 iocis
721 573 901 657 exemplum
934 573 997 639 fuit
1029 583 1145 658 poetae
1178 583 1298 654 nostro,

126 682 212 749 unde
245 679 369 745 scilicet
401 677 558 740 sermonis
590 683 623 740 et
655 677 881 759 descriptionis
921 677 1079 759 originem
1116 679 1299 762 assumpsit.

127 785 200 848 Huc
229 779 400 847 referenda
427 785 477 842 est
506 780 651 843 narratio
680 778 722 844 de
751 778 830 843 rixis
860 779 948 862 apud
970 780 1143 864 Aegyptios
1170 783 1301 860 exortis,

128 907 210 970 quas
232 882 390 949 luvenalis
413 887 472 946 sat.
488 881 546 944 XV
569 880 752 946 illustravit.
796 872 860 948 Sed
881 888 919 946 ut
941 883 1077 947 imitatio
1093 882 1301 949 Iuvenaliana

129 989 209 1055 satis
231 986 358 1052 eluceat
380 990 484 1049 totum
507 983 663 1048 escribam
687 983 801 1061 locum,
825 1006 853 1051 u.
876 984 1017 1050 63-68:

279 1087 368 1151 Sace
388 1084 551 1150 inclinatis
573 1106 632 1168 per
653 1084 781 1150 tamum
804 1088 952 1168 quaesita
972 1087 1103 1153 lacertis

280 1189 445 1270 Incipiunt
465 1192 618 1273 torquere,
642 1186 819 1252 domestica
840 1188 989 1254 seditioni
1030 1218 1033 1228 ·

281 1291 367 1367 Teia,
391 1310 451 1354 nec
472 1289 558 1354 hunc
578 1289 729 1372 lapidem,
753 1291 865 1373 quales
888 1296 921 1356 et
943 1290 1068 1357 Turnus
1091 1297 1125 1356 et
1146 1292 1227 1357 Aiax

281 1394 341 1459 Vel
363 1413 427 1474 quo
450 1391 589 1476 Tydides
611 1396 771 1475 percussit
791 1395 934 1478 pondere
956 1415 1069 1460 coxam

282 1499 417 1572 Aeneae,
441 1494 496 1559 sed
520 1514 616 1576 quem
638 1496 768 1561 valeant
789 1497 936 1563 emittere
958 1497 1093 1562 dextrae

282 1598 350 1663 Illis
372 1596 542 1661 dissimiles
565 1601 599 1660 et
620 1605 725 1662 nostro
747 1603 884 1690 tempore
906 1605 1008 1663 cclcc.

219 1700 420 1781 Quamquam
449 1717 512 1762 non
541 1719 666 1764 omnem
700 1699 786 1766 hunc
818 1700 923 1768 locum
949 1701 1134 1767 Iuvenalem
1164 1701 1304 1784 Vergilio

135 1803 251 1868 debere
273 1801 501 1884 intellegimus,
532 1809 638 1866 tamen
670 1802 839 1870 nonnullos
861 1825 970 1869 versus
1000 1802 1044 1868 ad
1066 1804 1248 1886 exemplum
1271 1807 1304 1868 in

133 1906 275 1970 Aeneide
315 1905 516 1988 propositum
554 1925 627 1969 eum
659 1903 773 1970 fecisse
813 1905 1018 1984 manifestum
1051 1911 1107 1970 est.
1162 1905 1234 1984 Qua
1265 1906 1305 1972 de

133 2029 231 2073 causa
253 2028 325 2072 eum
347 2004 410 2072 illis
431 2005 645 2071 Iuvenalianis
668 2008 811 2073 versibus
837 2008 932 2075 velim
961 2028 1126 2092 compares
1150 2010 1305 2093 imprimis

134 2109 267 2192 Vergilii
290 2108 368 2175 Aen.
390 2107 451 2172 XII

135 2234 162 2274 v.
185 2210 262 2276 896:
285 2230 399 2274 sacam
422 2213 637 2294 circumspicit
658 2212 770 2294 ingens

135 2335 162 2377 v.
186 2312 262 2378 89t2
286 2332 394 2397 compo
417 2313 504 2394 quod
527 2313 610 2378 forte
632 2313 761 2379 iacebat

136 2437 164 2479 v.
186 2415 263 2479 900:
287 2413 402 2491 Qualia
423 2435 507 2478 nunc
528 2414 689 2479 hominum
704 2416 857 2500 producit
878 2438 1018 2501 corpora·
1033 2417 1140 2484 Tellus

136 2539 164 2582 v.
186 2518 265 2582 901:
288 2517 345 2581 llle
367 2537 464 2581 manu
486 2526 616 2599 raptum
638 2519 767 2601 trepida
786 2519 948 2604 torquebat
968 2521 1001 2584 in
1024 2520 1149 2586 hostem

136 2642 163 2684 v.
185 2621 263 2685 904:
284 2639 431 2683 eccum-oe
454 2620 592 2683 immane
613 2625 801 2684 moventem.

223 2723 374 2786 Attamen
406 2742 469 2785 non
500 2721 640 2787 alienum
663 2729 726 2798 est,
757 2723 834 2804 quin
857 2725 1030 2789 satirarum
1061 2725 1198 2808 scriptor
1219 2724 1308 2790 illam

138 2825 293 2888 sermonis
333 2826 488 2906 originem
529 2845 592 2888 non
633 2825 702 2890 sine
741 2825 850 2906 aliqua
881 2827 985 2891 ironia
1016 2832 1180 2892 mutuatus
1214 2827 1257 2892 sit
1289 2847 1310 2892 a

138 2926 245 2990 divino
268 2929 373 3008 podta.

223 3028 423 3110 Quamquam
439 3028 599 3094 Iuvenalis
620 3031 654 3094 in
677 3035 819 3094 extremo
833 3031 1005 3094 satirarum
1021 3030 1102 3095 libro
1118 3050 1181 3094 non
1198 3030 1308 3094 multis

138 3131 216 3196 locis
240 3131 371 3213 Vergilii
399 3131 579 3214 exemplum
608 3133 754 3196 imitatus
780 3139 831 3196 est
858 3133 1012 3196 memoria
1042 3152 1105 3200 uon
1130 3133 1193 3196 iam
1215 3133 1309 3197 nimis

137 3233 327 3310 adiuvante,
351 3239 458 3298 tamen
482 3233 684 3299 manifestum
708 3235 822 3311 esici,
847 3255 919 3299 cum
941 3240 999 3299 sat.
1025 3233 1084 3300 XV
1107 3255 1133 3298 v.
1152 3235 1221 3314 127,
1248 3236 1308 3302 128

137 3337 317 3417 scripserit:
1053 3329 1054 3332 ¹

725 3439 839 3503 inutile
861 3438 973 3521 colpos

288 3539 428 3606 Parvula
449 3539 612 3606 fiictilibus
635 3540 763 3606 solitum
786 3541 864 3604 dore
886 3543 951 3605 octo
968 3539 1109 3623 phaselis

289 3642 330 3706 Et
351 3642 500 3707 brevibus
518 3643 624 3726 pictae
647 3645 743 3708 remis
765 3643 948 3707 incumbere
971 3647 1074 3706 testae

138 3745 171 3808 in
194 3752 332 3809 mentem
357 3746 480 3810 venisse
503 3746 573 3810 illos
595 3767 702 3810 versus
727 3744 925 3827 Vergilianos
948 3743 1063 3825 Georg.
1080 3741 1123 3805 lV
1140 3742 1213 3820 287,
1230 3743 1308 3807 289:

636 3867 712 3934 gens
732 3847 898 3912 fortunata
920 3844 1042 3928 Canopi

289 3949 331 4013 Et
354 3951 472 4014 circum
490 3951 597 4033 pictos
619 3949 742 4012 creditur
763 3967 822 4014 sua
844 3968 920 4012 rura
938 3945 1086 4030 phaselis.

225 4051 274 4112 Ab
308 4058 444 4134 utroque
478 4056 574 4134 potita
605 4053 644 4115 de
669 4052 785 4134 „pictis
814 4050 976 4133 phaselis“
1006 4048 1127 4111 mentio
1156 4046 1209 4123 fit,
1245 4067 1308 4129 quo

139 4153 266 4215 nomine
290 4152 437 4217 navicula
460 4154 688 4237 Aegyptiorum
715 4159 819 4218 testea
847 4152 984 4217 materia
1004 4150 1054 4214 rel
1085 4169 1209 4233 papyro
1233 4171 1308 4214 con·

140 4251 296 4337 formatae
319 4265 352 4318 et
373 4263 575 4321 constructae
599 4258 818 4340 designantur.

1064 4376 1081 4427 2
