3054 4846
783 238 827 304 24

218 423 268 490 rel
297 423 430 507 palloris
461 425 613 491 affectum
645 425 688 490 ad
722 423 856 490 eandam
889 445 1017 490 caueam
1047 425 1182 490 reducet
1211 423 1404 507 eademque

218 529 457 610 comparatione
480 549 556 594 usus
577 531 627 593 sit.

305 629 355 694 td
386 630 522 696 eundem
549 630 742 696 senteutiam
771 629 1013 712 exprimendam
1034 629 1192 695 Iuvenalis
1222 650 1404 713 compara-

220 733 341 798 tionem
363 733 536 817 assumpsit
559 732 600 796 dc
621 731 715 814 Verg.
738 731 803 796 Eel.
825 732 841 795 I
863 754 892 795 v.
908 732 960 810 49,
982 734 1039 799 50:

369 833 440 900 Non
461 837 589 901 insueta
609 834 715 918 gravis
736 834 944 917 temptabunt
965 836 1087 919 pabula
1108 835 1191 900 letas
1481 823 1482 850 l

371 935 439 1002 Neo
460 937 546 1004 mala
567 938 665 1000 cicini
681 937 806 1020 pecoris
827 938 967 1020 rortepr'e
984 939 1106 1002 laedent

222 1059 293 1104 cum
316 1038 473 1106 scriberet
494 1047 553 1106 cat.
576 1038 606 1103 Π
628 1061 654 1104 v.
671 1037 811 1104 78—802

522 1141 619 1208 Dedit
640 1140 725 1207 banc
747 1142 888 1224 centuplo
910 1141 1016 1207 labem

373 1244 415 1308 Et
436 1243 582 1312 debitio
605 1242 724 1324 plures,
748 1243 833 1308 sicut
853 1264 931 1326 grex
953 1250 1039 1309 totus
1061 1244 1094 1309 iu
1116 1245 1203 1326 agris

381 1345 481 1409 Unius
503 1345 610 1410 scabie
632 1345 717 1409 cadit
740 1353 773 1410 et
792 1345 954 1429 porrigine
969 1349 1072 1429 porci.

308 1444 469 1512 Iuvenalis
498 1447 584 1512 enim
614 1449 888 1530 comparationem
918 1446 996 1513 lacit
1024 1450 1109 1514 inter
1136 1450 1236 1512 virum
1273 1449 1401 1512 nudum

223 1548 477 1630 ingredientem,
511 1551 567 1632 qui
594 1549 666 1614 aliis
695 1548 814 1614 malum
845 1551 1024 1633 exemplum
1055 1551 1156 1616 dabat
1178 1551 1401 1632 damnumque

224 1649 400 1728 inferebat,
434 1655 468 1715 et
497 1651 581 1716 inter
607 1671 740 1734 porcum
770 1652 877 1717 scabie
905 1652 1087 1730 foedatum,
1121 1675 1185 1736 quo
1213 1675 1277 1720 uno
1308 1659 1399 1718 totus

224 1771 304 1834 grex
326 1751 476 1819 inficitur.

311 1853 401 1918 Idem
421 1855 455 1919 in
478 1855 688 1938 depingendis
711 1854 879 1920 mulierum
901 1857 986 1921 vitiis
1009 1857 1146 1922 nocendi
1174 1879 1284 1922 oerum
1308 1856 1401 1922 furo-

226 1979 294 2023 rem
316 1957 491 2023 illustrovit
512 1964 572 2024 sat.
595 1957 639 2022 VI
660 1981 688 2022 v.
704 1957 886 2024 648-6502

557 2059 646 2125 rabie
668 2060 757 2124 iecur
778 2060 969 2125 incendente
989 2059 1142 2141 feruntur

379 2160 572 2246 Praecipites
590 2165 626 2224 rt
645 2181 726 2225 saco
748 2164 830 2246 iupis
852 2162 996 2246 abrupta,
1019 2163 1135 2245 quibus
1156 2183 1244 2226 mons

380 2262 589 2329 Subtrahitur
610 2264 753 2346 clivoque
776 2263 861 2328 latus
884 2265 1046 2347 pendente
1068 2264 1200 2330 recedit.

315 2364 383 2442 Qua
415 2367 448 2429 iu
479 2366 717 2448 comparatione
744 2387 837 2430 nemo
867 2387 932 2430 uon
963 2368 1117 2430 concedet
1143 2368 1173 2431 ei
1194 2373 1271 2432 aute
1293 2367 1401 2432 oculos

231 2466 329 2531 fuisse
351 2467 537 2551 Vergilium,
563 2470 619 2550 qui
642 2470 681 2531 de
704 2468 812 2532 Turno
835 2469 876 2532 ad
899 2489 1006 2533 muros
1030 2469 1171 2534 irruente
1188 2471 1299 2548 eadem
1315 2493 1400 2534 oom-

232 2571 400 2655 paratiene
422 2593 499 2648 usus
522 2577 571 2636 cst
592 2571 673 2634 Aen.
695 2569 757 2636 llll
779 2592 807 2635 v.
824 2570 896 2649 684,
920 2570 997 2636 685:

383 2674 431 2738 Ac
452 2675 545 2737 eelutr'
567 2673 812 2737 coemissorem
836 2674 876 2739 de
899 2675 1009 2738 vertice
1026 2694 1177 2758 praeceps

383 2777 462 2843 (lum
485 2776 552 2838 ruit
574 2775 710 2838 comum
732 2782 825 2840 vento

235 2890 267 2950 et
288 2906 317 2948 u.
335 2881 408 2959 889,
432 2879 510 2944 890:

602 2979 730 3045 Turnus

386 3084 437 3150 Sic
459 3083 547 3148 urbis
569 3084 636 3146 ruit
658 3081 700 3147 ad
722 3103 838 3148 muros.

320 3189 389 3253 lam
409 3207 484 3252 vero
507 3207 546 3251 ea
567 3185 714 3268 exempla
730 3185 915 3252 imitationis
929 3190 1120 3272 exponenda
1132 3198 1217 3268 sunt,
1241 3191 1399 3274 inquibus

235 3291 395 3359 Iuvenalis
423 3289 553 3353 uomina
581 3286 739 3368 quaedam
766 3308 787 3352 a
810 3288 948 3371 Vergilio
977 3300 1132 3376 usurpata
1161 3297 1194 3359 iu
1223 3316 1291 3360 rem
1313 3317 1397 3360 suem

237 3397 393 3461 convertit
426 3395 492 3457 sive
528 3389 645 3471 quibus
681 3408 834 3469 personas
874 3399 977 3458 certas
1017 3397 1198 3479 significare
1231 3399 1263 3462 in
1298 3401 1396 3464 animo

236 3499 352 3565 habuit
380 3499 444 3562 sive
472 3491 602 3558 uomina
628 3489 735 3554 satiris
765 3490 917 3573 inseruit,
950 3497 1067 3578 quibus
1096 3507 1201 3565 certas
1223 3522 1274 3566 res
1296 3501 1396 3584 expri-

237 3608 347 3667 meret.
402 3599 460 3662 His
493 3600 602 3661 autem
634 3592 668 3655 in
699 3592 931 3663 imitationibus
963 3621 1003 3664 ox
1035 3602 1207 3667 satirarum
1239 3603 1396 3684 scriptoris

237 3705 364 3788 iugenio
398 3716 626 3778 nonnunquam
658 3694 830 3778 contingit,
864 3705 901 3762 nt
932 3702 1055 3767 incidat
1083 3705 1116 3768 in
1146 3704 1324 3770 irridendus
1348 3725 1396 3770 eas

238 3831 299 3886 res,
323 3825 405 3889 quos
428 3800 587 3882 Vergilius
609 3797 706 3862 certis
729 3798 910 3865 nominibus
932 3805 1141 3871 coniunxerit.

322 3908 429 3989 Atque
451 3900 610 3968 Iuvenalis
642 3917 738 3978 saepe
772 3919 904 3968 numero
938 3905 996 3969 tali
1024 3908 1204 3972 imitatione
1233 3930 1308 3972 usus
1339 3931 1395 3974 non

239 4010 334 4076 modo
357 4015 462 4072 totum
475 4003 605 4087 Vergilii
627 4000 731 4065 locum
755 4003 915 4080 quendam
938 4010 1069 4090 respicit
1090 4011 1146 4087 ite,
1170 4017 1206 4074 ut
1228 4031 1339 4076 nomen
1358 4011 1395 4076 ab

238 4114 293 4178 illo
316 4112 455 4195 petitum
476 4108 601 4188 lougius
631 4103 770 4168 illustret
800 4111 832 4166 et
861 4111 1077 4174 narratiouem
1100 4132 1171 4175 cum
1194 4134 1231 4176 eo
1255 4133 1395 4178 conexam

239 4214 479 4282 accuratissime
501 4213 665 4298 depingat,
687 4212 862 4281 sedetiam
885 4212 987 4279 solum
1008 4233 1124 4279 nomen
1146 4221 1396 4300 nutantemque
