3054 4846
748 305 791 372 34

219 537 221 544 ·
266 491 356 564 Idem
377 494 558 578 exemplum
579 493 740 560 luvenalis
760 497 891 559 secutus
913 509 982 558 esse
1003 493 1140 572 ridetur,
1164 512 1236 562 cum
1251 499 1356 583 scrip·
1458 583 1461 592 A

182 594 261 660 serit
282 601 342 662 sat.
364 595 395 661 X
417 619 445 660 v.
467 596 526 661 54:

329 697 415 782 Ergo
437 698 686 782 supervacuam)
708 699 767 762 out
788 695 968 779 perniciosa
989 700 1154 780 petuntur.

266 798 381 866 Plures
409 799 604 868 imitationes
630 796 870 874 Iuvenalium,
895 817 987 879 quae
1014 803 1164 881 spectant
1189 803 1233 867 ad
1260 805 1355 868 metri

180 900 348 981 rationem,
370 901 520 985 indagari
542 919 606 967 non
629 904 813 984 potuerunt.
858 897 1070 964 Nihilominus
1092 900 1166 980 loci,
1196 921 1278 984 quos
1297 925 1354 970 ex·

180 999 388 1084 plioauimus,
422 1002 501 1070 beet
532 1022 652 1087 paucos
691 1003 786 1083 aeqm
826 1000 967 1084 bonique
1005 1001 1160 1069 uniamus
1184 1011 1355 1088 oporteat,

180 1103 318 1172 multum
338 1104 454 1174 salem,
470 1105 513 1172 ad
544 1102 830 1171 demonstrandam
857 1100 954 1168 huius
981 1104 1108 1186 generis
1133 1107 1356 1173 imitationem

230 1264 233 1273 .
264 1206 374 1288 Atque
396 1205 553 1285 omnibus,
581 1206 623 1272 dc
645 1204 763 1289 quibus
782 1203 906 1270 dictum
928 1211 988 1283 est,
1009 1203 1097 1285 locis,
1125 1205 1285 1275 Iuvenalis
1306 1211 1355 1275 ita

179 1306 317 1392 simplex
339 1314 373 1375 et
393 1310 539 1374 sincerus
559 1307 692 1390 Vergilii
714 1307 858 1372 imitator
878 1325 948 1373 esse
971 1306 1086 1385 uoluit,
1116 1315 1153 1373 ut
1181 1318 1240 1375 aut
1260 1332 1356 1377 voces

177 1410 394 1478 mutantiasve
423 1413 539 1494 pobtae
568 1408 689 1476 heroici
717 1409 864 1491 integrae
892 1409 1066 1492 reciperet,
1101 1417 1160 1476 aut
1181 1432 1257 1478 suas
1279 1434 1355 1478 asir—

178 1511 298 1581 teutias
317 1511 404 1580 illius
426 1530 514 1578 more
537 1509 751 1594 contingeret,
782 1516 838 1575 aut
861 1509 995 1594 Vergilii
1017 1511 1103 1594 leges
1124 1514 1355 1596 grammatices

178 1615 211 1678 at
233 1613 386 1682 metricas
406 1613 605 1682 observaret.
716 1619 718 1624 ’

260 1713 329 1780 Iam
350 1719 467 1794 restat,
495 1720 533 1780 ut
561 1713 691 1780 uberius
722 1713 919 1780 illustremus
941 1715 974 1778 in
997 1717 1098 1781 tertia
1119 1716 1354 1783 dissertationis

176 1821 272 1899 parte
292 1813 474 1900 quemlern
496 1815 649 1897 acerbum
670 1815 829 1884 malorum
852 1817 1082 1900 castigatorem
1092 1823 1194 1900 ¹atqua
1208 1839 1353 1904 seuerum

178 1917 469 2010 commendatorem
502 1919 676 1996 virtutum,
689 1991 692 2000 ,
705 1919 742 1983 id
772 1918 861 2002 quod
889 1919 992 2002 ipsius
1019 1919 1156 1996 maxime
1185 1921 1356 2004 proprium·

177 2019 280 2098 asset,
312 2019 478 2086 interdum
499 2019 694 2104 Vergilianis
723 2019 802 2086 locis
833 2020 1007 2104 assumptis
1031 2028 1065 2086 et
1084 2022 1213 2090 insertis
1235 2027 1354 2106 poetae

177 2119 276 2189 verba
297 2125 331 2188 et
352 2141 463 2190 versus
492 2121 536 2190 ad
565 2121 655 2188 aliud
677 2122 840 2204 quoddam
864 2130 1088 2205 argumentum
1108 2123 1208 2206 idque
1229 2125 1353 2208 saepis-

176 2221 255 2288 sime
282 2221 455 2288 ridiculum
483 2223 666 2294 detorsisse.
709 2221 867 2292 Nimirum
895 2223 976 2302 illud
1005 2225 1157 2290 imitandi
1176 2246 1277 2308 genus
1301 2245 1353 2292 se·

176 2327 270 2388 cutus
292 2329 350 2410 est,
374 2326 425 2390 cui
448 2324 544 2410 uulgo
565 2325 721 2410 parodica
742 2345 858 2392 nomen
881 2331 930 2392 est
955 2325 1104 2392 inditum.

261 2423 308 2490 Ao
328 2413 518 2518 priusquam
540 2427 581 2492 de
602 2427 641 2492 iis
664 2425 819 2514 exemplis
841 2426 1053 2504 disseramus,
1082 2448 1167 2510 quae
1190 2430 1222 2494 in
1244 2428 1351 2494 satiris

175 2523 391 2594 Iuvenalianis
420 2521 575 2613 perediae
604 2528 707 2593 instar
734 2547 887 2610 expressa
905 2529 984 2611 sint,
1015 2529 1168 2594 nonnulla
1192 2551 1350 2614 exponam

178 2627 220 2692 de
241 2627 302 2694 hoo
323 2629 619 2713 imitandigeucre.

261 2729 434 2814 Praecipue
456 2731 674 2814 seiungendae
696 2736 771 2798 sunt
785 2750 841 2797 eae
856 2731 1022 2814 parodica,
1044 2733 1162 2814 quibus
1184 2732 1350 2815 peculiare

175 2847 286 2898 remus
309 2829 472 2898 scribendi
494 2851 597 2916 genus
620 2833 812 2937 continetur,
835 2852 900 2914 quo
922 2837 1026 2897 totum
1042 2853 1170 2900 carmen
1187 2835 1350 2918 quoddam

179 3053 252 3112 Nam
269 3073 337 3124 voce
354 3057 482 3127 ,‚nescia“
501 3056 645 3128 supposita
662 3055 768 3124 syllaba
784 3053 853 3124 ;,us“
877 3055 906 3112 in
924 3073 990 3113 voce
1008 3057 1125 3125 „istius“
1143 3056 1351 3126 positionesyl·

174 3141 254 3200 labae
271 3143 440 3214 producitur.
547 3201 549 3205 .

227 3229 328 3290 *euius
346 3231 399 3290 viri
415 3229 630 3301 praeclarissimi
648 3229 813 3286 senteutiam
832 3231 860 3284 et
877 3229 1097 3288 emendationem
1121 3231 1239 3300 probare
1256 3231 1352 3298 nequi·

175 3332 245 3384 mus,
269 3318 433 3390 praesertim
451 3335 513 3374 cum
529 3318 559 3370 in
578 3316 719 3375 codicibus
743 3314 882 3384 plerisque
906 3321 934 3370 et
958 3317 1070 3386 optimis
1092 3319 1214 3385 „insoia“
1233 3319 1352 3386 legatur.

176 3403 274 3472 Neque
292 3405 366 3461 enim
386 3405 529 3474 intellego,
556 3421 637 3472 quam
660 3402 756 3466 obrem
773 3401 911 3472 Vergilius
936 3421 992 3458 uno
1011 3405 1071 3460 loco
1090 3404 1126 3459 de
1144 3404 1225 3464 matri
1242 3404 1351 3458 ratione

177 3505 233 3544 non
257 3490 387 3558 liberius,
416 3508 499 3561 quam
524 3507 641 3560 aequum
664 3493 751 3556 esset,
777 3488 929 3543 arbitratus
946 3489 1091 3544 deflexerit
1107 3507 1196 3560 neque
1214 3491 1351 3546 luvenalis

178 3576 274 3631 endem
291 3577 405 3633 licentia
423 3595 488 3650 usus
506 3577 659 3649 Vergilium
678 3576 802 3630 imitatus
821 3575 865 3629 sit.
902 3579 944 3630 An
964 3594 1029 3632 vero
1053 3595 1109 3632 non
1127 3578 1207 3632 licuit
1225 3579 1265 3630 illi
1284 3579 1350 3632 Ver·

178 3663 260 3735 gilio,
287 3665 365 3720 ouius
392 3663 512 3722 facilitas
535 3668 563 3718 et
585 3665 716 3718 venustas
742 3662 772 3717 iu
796 3663 959 3732 conscriptis
978 3665 1104 3718 versibus
1123 3665 1242 3734 probata
1259 3665 1348 3734 potitis

178 3753 301 3807 omnium
320 3755 474 3822 temporum
492 3751 617 3820 exemplo
637 3752 709 3816 erat,
737 3750 876 3806 declinare
893 3767 911 3805 a
926 3751 1023 3820 regula
1045 3751 1178 3806 demetri
1197 3768 1247 3805 usu
1266 3755 1348 3806 antea

178 3838 341 3908 proposita?

250 3926 283 3994 ¹⁸)
302 3925 404 3980 Contra
422 3941 592 3980 communem
617 3925 675 3978 fere
697 3923 822 3979 codicum
847 3923 1040 3978 auctoritatem
1062 3923 1097 3977 ab
1121 3923 1182 3977 aliis
1200 3925 1347 3978 satirarum

180 4011 333 4067 editoribus
351 4015 415 4082 post
432 4015 515 4080 '‚‚aut“
535 4011 623 4078 „velt
646 4011 683 4064 ab
700 4011 761 4064 aliis
780 4011 891 4077 ‚‚haeo“,
919 4011 954 4064 ab
973 4009 1034 4064 aliis
1053 4010 1133 4077 ‚,ne“,
1161 4027 1177 4062 a
1197 4009 1348 4082 Biichelcro

179 4099 298 4168 denique
322 4099 428 4168 ‚‚quae“
456 4098 503 4168 [of.
522 4097 650 4151 Bursian:
676 4097 884 4152 dabresbericht
907 4095 1012 4152 XXVII
1037 4113 1064 4164 p.
1083 4096 1128 4166 64]
1149 4097 1254 4151 inserta
1276 4103 1349 4152 sunt.

177 4185 251 4240 Illud
268 4185 387 4254 primurn
405 4187 488 4240 etiarn
506 4185 534 4239 Ο.
554 4185 600 4239 Fa
618 4183 790 4238 Hermannus
808 4185 837 4238 in
855 4183 1003 4237 editionem
1021 4183 1223 4238 Iuvenalianam
1244 4186 1349 4254 recepit

179 4288 211 4328 ea
229 4273 263 4331 de
281 4288 372 4337 causa,
391 4289 472 4340 quam
491 4271 695 4341 explicavimus.
714 4303 715 4308 κ
