3054 4846
789 273 828 338 16

220 455 285 536 bct
309 479 384 526 cnm
403 465 464 526 sot
485 457 563 524 lull
584 459 712 544 copiose
734 458 885 536 illustret,
912 477 1010 541 qnam
1032 453 1241 524 horribilibus
1261 453 1395 520 somniis

219 559 314 626 homo
345 560 608 629 secleratiecimus
638 565 876 646 perterrentur,
911 581 975 642 quo
1004 560 1099 626 modo
1122 559 1258 626 bominis
1279 555 1393 622 odensi

220 663 325 746 imago
346 681 508 748 apparens
529 661 771 732 Rhadamanthi
792 683 923 730 munere
944 659 1088 728 iudiciali
1112 659 1285 744 iungatur,
1315 657 1395 725 Ver-

220 762 358 846 gilianas
379 763 452 830 illas
473 785 566 834 rocos
586 785 663 833 snae
684 764 829 832 reddidit
850 787 876 830 v.
897 763 977 832 222:

370 865 483 936 turbat
502 867 655 952 pavidum
675 869 811 953 cogitque
830 865 940 946 fulcri.

307 983 465 1072 anceps
487 989 586 1072 podia
606 993 746 1055 terrum
758 995 793 1054 et
807 991 978 1064 tormenta,
1002 1003 1086 1068 qnae
1101 1003 1141 1050 ex
1155 983 1241 1049 maia
1255 982 1395 1048 hominis

222 1087 420 1154 conscientia
449 1089 578 1156 irruant
608 1089 642 1154 in
678 1109 769 1168 enm,
805 1088 1045 1156 accuratissime
1079 1084 1235 1170 depingit.
1285 1083 1396 1166 Atque

222 1189 320 1256 etiam
341 1188 391 1256 his
413 1191 447 1256 in
467 1189 565 1258 rebus
595 1190 769 1277 descriptio
795 1193 865 1259 eius
892 1189 1036 1256 mavit
1056 1209 1097 1254 ex
1120 1185 1269 1270 Vergilio
1312 1185 1396 1250 Gon-
1513 1271 1514 1274 Ἴ

224 1289 349 1357 ierondi
372 1293 458 1358 enim
480 1297 557 1360 sunt
587 1293 635 1360 illi
666 1294 745 1373 loci,
774 1293 893 1378 quibus
914 1293 1054 1358 tonitrus
1075 1290 1235 1373 fragorem
1258 1294 1396 1370 uterquc
1513 1281 1514 1310 ³

224 1395 321 1476 podis
341 1395 507 1479 exprimite
528 1393 623 1480 Verg.
645 1394 723 1463 Aen.
745 1396 763 1460 1
784 1419 811 1462 v.
830 1395 905 1462 160:
1513 1397 1515 1424 ¹

375 1495 506 1564 interca
526 1517 642 1583 unguo
663 1499 790 1566 misceri
811 1517 975 1564 murmuro
996 1496 1113 1562 coelum

375 1597 502 1684 Incipit.

225 1721 261 1782 et
282 1716 347 1784 lus.
369 1725 428 1786 sat
451 1717 529 1784 xm
550 1741 580 1787 r.
595 1721 673 1787 alc:

377 1819 549 1889 Exanimes
570 1824 675 1908 primo
697 1843 827 1908 quoque
848 1839 1011 1889 murmura
1032 1817 1116 1883 coeii.

226 1934 407 2006 Verisimile
436 1943 486 2007 est
507 1941 649 2010 iuvenali
677 1943 768 2009 iilum
790 1941 925 2025 Vergilii
946 1960 1069 2008 versum
1099 1937 1300 2003 obversatum
1324 1955 1394 1999 esse

227 2039 304 2104 Aen.
326 2038 355 2104 V
376 2061 403 2106 v.
417 2041 497 2108 2672

379 2141 576 2228 Oymbiaque
594 2151 723 2230 urgento
744 2145 890 2230 perfecta
911 2152 1010 2230 atque
1033 2163 1146 2230 aspero
1169 2139 1267 2230 siguis

228 2263 300 2309 oum
323 2245 355 2309 in
376 2249 436 2312 sat.
460 2243 535 2311 XIV
555 2268 584 2311 v.
599 2246 641 2311 62
662 2247 834 2312 scriberet:

382 2344 444 2412 Hic
462 2345 532 2411 lere
553 2353 728 2431 arpentum,
749 2367 823 2412 vasa
845 2367 959 2432 aspero
981 2351 1108 2428 tergeat
1129 2347 1222 2412 alter.

233 2462 322 2542 Quae
350 2461 526 2532 similitudo
558 2465 591 2531 in
622 2465 751 2532 scholiis
781 2465 941 2532 veteribus
972 2465 1227 2538 demonstratur;
1262 2462 1402 2528 imitatio
1516 2493 1517 2522 l

232 2571 340 2632 autem
360 2567 468 2650 posita
489 2568 616 2635 videtur
638 2589 707 2636 esee
729 2571 762 2635 in
783 2567 913 2636 vocibus
935 2573 1092 2652 „aspera“
1119 2564 1401 2649 respondentibus,

234 2667 351 2749 quibus
371 2689 449 2736 rasa
469 2669 596 2738 caelata
616 2671 846 2756 significantur.

317 2783 388 2854 Etsi
421 2809 484 2854 non
517 2791 613 2876 plane
645 2793 679 2858 in
709 2798 823 2876 aperto
854 2797 903 2859 est
923 2788 1105 2858 Iuvenalem
1138 2787 1304 2871 superiore
1332 2783 1403 2847 loco
1516 2777 1517 2850 ἶ

234 2886 364 2972 Vergilii
386 2890 566 2976 exemplum
587 2901 734 2960 secutum
756 2913 840 2971 osse,
869 2898 904 2961 at
925 2891 1068 2960 dubitari
1090 2910 1153 2955 nou
1175 2892 1296 2972 potest,
1324 2882 1402 2967 quin

234 2989 288 3056 hio
305 2989 404 3069 locus,
427 3013 523 3076 quem
545 2994 777 3064 illustrabimur
798 2996 841 3064 ad
864 2994 1040 3080 Vergilium
1059 2992 1220 3078 respiciat
1263 2987 1295 3055 ls
1317 2987 1403 3053 enim

234 3094 269 3158 iu
291 3091 406 3178 Georg.
427 3093 458 3158 11
481 3115 509 3161 r.
526 3097 695 3164 140-142
717 3099 956 3183 comparatione
986 3116 1058 3167 cum
1079 3093 1151 3162 aliis
1173 3099 1277 3160 terrae
1299 3093 1403 3175 regio⁴

236 3193 330 3261 nibus
352 3195 440 3264 iacta
461 3195 557 3266 ltalia
576 3199 685 3283 patria
705 3200 847 3284 glorians
868 3199 1048 3268 fabulosam
1070 3196 1160 3264 illam
1176 3193 1287 3262 Cadmi
1303 3193 1405 3259 bisto-

236 3298 317 3364 riam
339 3297 492 3383 obtingit:

385 3400 474 3468 Haec
493 3401 566 3468 looa
587 3423 651 3468 non
674 3403 760 3469 tauri
782 3403 942 3488 spirantes
963 3399 1096 3468 naribus
1117 3401 1223 3484 ignem

388 3502 550 3570 invertere
571 3506 650 3571 satis
671 3505 863 3572 immanibus
885 3501 1026 3570 dentibus
1047 3501 1143 3584 apori

389 3603 456 3672 Nec
473 3605 574 3691 paleis
596 3606 753 3691 densique
774 3607 877 3672 virum
899 3625 989 3690 seges
1011 3601 1137 3667 horruit
1157 3600 1267 3666 hastis.

325 3724 417 3802 Quod
439 3723 571 3808 Vergilii
600 3727 781 3811 exemplum
810 3723 1099 3812 praeclarissimum
1129 3739 1192 3786 non
1221 3720 1336 3784 mirum
1359 3725 1408 3785 est

239 3827 421 3895 Iuvenalem
443 3833 572 3913 praeter
594 3828 660 3895 alia
682 3827 785 3894 multa
799 3828 927 3911 penitus
949 3824 1056 3891 animo
1077 3823 1246 3888 retinuisse
1266 3821 1408 3906 indeque

241 3929 379 3996 colorem
408 3930 537 3996 daniso
564 3929 650 3996 illius
677 3930 916 4013 descriptionis,
947 3948 1013 4011 qua
1033 3926 1260 3994 Thebanorum
1287 3926 1408 4000 urbem,

242 4031 386 4098 Monoeci
409 4033 547 4115 patriam
571 4031 731 4109 dilectam,
755 4031 901 4116 designet
921 4037 980 4096 sat.
1002 4029 1077 4095 XIV
1098 4049 1126 4095 s.
1143 4027 1217 4107 241,
1239 4027 1317 4094 242:

391 4135 427 4198 ln
450 4154 586 4215 quorum
608 4133 703 4199 sulcis
722 4133 864 4216 legiones
885 4132 1029 4197 dentibus
1050 4133 1162 4216 unguis

393 4236 472 4302 Cum
494 4235 601 4320 clipeis
623 4241 800 4302 naseuntur
821 4241 856 4300 ot
876 4233 1010 4298 barido
1032 4232 1119 4300 bella
1141 4234 1319 4317 capessant
