3054 4846
754 293 788 360 91

270 477 320 544 Ae
338 472 503 562 ›qusntum
529 477 671 546 studium
693 477 726 544 in
749 476 881 560 Vergilii
907 499 1006 562 eperu
1031 487 1255 564 consumptum
1283 485 1356 547 eret

184 580 247 647 illis
271 579 476 664 temporibus,
505 599 576 647 eum
599 579 797 662 Augustinus
805 581 833 663 Β)
855 581 1000 664 seripsit:
1030 582 1147 666 „Apud
1170 581 1355 666 Vergilium,

185 703 281 765 quem
317 688 492 766 propterea,
522 681 649 765 purvuli
681 681 793 764 legunt
828 688 866 749 nt
902 683 1053 752 videlieet
1091 689 1188 768 poete
1220 703 1356 766 mugnus

184 787 390 867 omniumque
424 783 700 867 praeeterissimus
737 791 836 866 utque
877 785 1020 870 optimus
1061 788 1180 854 teneris
1216 784 1356 854 ebibitus

184 887 298 952 animis
325 907 389 951 non
417 885 512 952 fueile
543 884 701 952 oblivione
724 887 835 971 ‘possit
867 887 1008 954 aboleri‘
1039 893 1165 956 tentum
1198 887 1272 955 fnit¹
1287 888 1357 956 sine

185 988 284 1056 dubio
305 988 416 1071 prium·
430 995 463 1056 et
483 987 587 1055 altero
609 993 686 1072 pust
705 986 869 1057 Gbsistum
891 995 1004 1064 netum
1026 989 1170 1068 seeoulo,
1205 1006 1277 1056 eum
1299 1010 1356 1054 ex-

186 1090 325 1176 emplum
354 1089 451 1156 divini
482 1088 569 1156 illius
596 1092 712 1173 poetae
740 1091 883 1158 omnium
905 1093 1077 1159 memoriae
1100 1093 1193 1175 qussi
1214 1093 1357 1159 inustum

185 1192 401 1276 praevalebat.
456 1191 590 1260 Constet
624 1193 722 1274 igiter
753 1192 935 1260 Iuvenalem
967 1213 1125 1264 summum
1156 1195 1189 1260 in
1224 1192 1357 1276 Vergilii

185 1296 307 1379 euripte
328 1315 460 1379 operum
482 1294 690 1376 studiumque
716 1295 907 1363 contulisse
941 1295 1034 1373 Quod
1063 1297 1195 1378 quidem
1216 1293 1357 1362 suenum

127 1473 129 1479 Ι
187 1396 335 1463 videntur
368 1415 437 1464 esse
470 1417 541 1462 eum
567 1401 756 1480 reputemus
782 1397 922 1466 alterum
943 1400 1072 1480 podium
1096 1396 1191 1466 elteri
1212 1397 1358 1464 <turmine

185 1497 346 1566 seribendi
368 1499 480 1582 generi
500 1497 678 1568 indulsisse.
722 1498 880 1582 Vergilius
908 1502 994 1569 enim
1019 1502 1051 1566 iu
1075 1496 1269 1568 terminibus
1291 1518 1356 1568 uon

184 1599 288 1668 solum
321 1599 504 1669 nuturulem
540 1601 704 1683 quendem
738 1599 1012 1684 pulchritudinem
1043 1623 1087 1668 ee·
1117 1600 1357 1685 simplieitatem

186 1703 354 1771 eoninnxit
374 1723 446 1772 eum
467 1701 828 1774 subtilibus'rbetorum
849 1705 994 1787 ergntiie,
1018 1703 1075 1772 sed
1099 1704 1198 1770 etiam
1218 1702 1357 1772 efneilie

186 1811 254 1870 tete
282 1804 411 1873 dicendi
438 1810 473 1870 et
489 1809 666 1872 sennensis
693 1805 736 1870 ed
765 1805 926 1872 luxuriem
948 1806 1117 1874 verborum
1145 1806 1303 1872 maiorem
1323 1809 1358 1872 et

185 1908 364 1989 quaesitam
398 1906 654 1972 enuntiationum
688 1906 880 1989 elegantiam
911 1907 1056 1987 deflexit3
1093 1906 1253 1974 Iuvenalis
1282 1924 1357 1973 vero

185 2009 471 2092 grausmevems,
494 2008 672 2076 uoerbitete
693 2007 880 2091 salibusque
901 2010 1051 2094 insignis,
1082 2009 1214 2076 urbunis
1236 2025 1356 2076 sermo-

185 2111 280 2182 uibus
302 2113 432 2180 minime
452 2109 714 2180 eeoommodstus
735 2110 843 2178 multis
870 2111 949 2180 loeis
977 2112 1143 2180 inelinavit
1168 2111 1210 2178 ud
1242 2131 1357 2178 renem

185 2213 351 2283 wettinus
386 2213 634 2280 ostentationem
670 2217 705 2280 et
736 2233 838 2296 poene
876 2214 1032 2298 puerilem
1067 2215 1101 2282 in
1136 2213 1273 2282 dicendo
1303 2233 1357 2278 or-

188 2321 307 2381 netum.

272 2417 423 2488 Attamen
455 2413 660 2486 Heinriebius
701 2418 903 2486 doctissimus
941 2420 989 2484 vir
1024 2420 1057 2485 in
1094 2415 1358 2484 adnotationibus

187 2519 296 2586 satiris
311 2517 525 2589 luvenalienis
546 2519 668 2588 additis
683 2520 748 2586 iem
769 2519 1012 2597 demonstravit,
1033 2519 1215 2588 Iuvenalem
1236 2520 1359 2603 saepis·-

187 2621 266 2693 sime
288 2626 433 2705 sumptus
454 2640 475 2685 e
497 2619 638 2704 Vergilio
659 2621 813 2703 loquendi
843 2621 963 2691 iormes
985 2622 1069 2687 bono
1091 2642 1163 2687 enm
1186 2621 1303 2688 effeotn
1323 2622 1358 2688 iu

187 2745 279 2790 suem
307 2743 374 2788 rem
404 2724 604 2794 convertisse.
649 2724 807 2792 Nimirum
829 2725 972 2792 Maronis
1001 2723 1169 2808 operibus,
1201 2725 1358 2808 imprimis

188 2825 349 2902 Aeueudi,
363 2823 553 2904 illouetete,
577 2847 643 2908 qus
657 2827 817 2896 lunenslis
832 2829 949 2894 seliros
965 2825 1163 2909 conseripsit,
1184 2825 1359 2909 plurimum

188 2927 405 2994 tribuebatur:
428 2947 564 3009 quorum
587 2928 741 2995 librorum
765 2949 837 2996 eum
860 2928 975 3012 singuli
998 2948 1103 3012 poene
1125 2947 1235 2995 uersus
1257 2929 1360 2996 omui*

189 3031 248 3096 bus
270 3031 542 3114 prompti'eeeent
563 3030 728 3109 Romanis,
759 3030 793 3094 id
816 3031 1106 3100 commodissimum
1127 3029 1246 3096 eeeidit
1267 3029 1360 3096 Iuve-

189 3133 256 3198 neli
277 3131 495 3208 declamatori,
518 3151 582 3213 quo
605 3133 750 3216 sibiipsi
772 3132 972 3201 audientium
994 3131 1126 3215 pleneus
1149 3136 1361 3216 compareret.

189 3235 291 3312 Quem
312 3233 412 3300 elium
433 3235 504 3299 misi
524 3233 675 3302 imitandi
703 3234 844 3302 fructum
873 3234 950 3302 inde
975 3235 1142 3318 percipere
1171 3234 1278 3315 potuit
1307 3233 1361 3298 de·

190 3335 450 3413 elemotionibus,
488 3336 565 3418 quid
606 3336 745 3420 denique
778 3336 958 3420 expedivit,
996 3336 1166 3418 quominus
1198 3335 1360 3400 interdum

189 3437 301 3504 formis
322 3437 482 3521 rebusque
505 3435 638 3521 Vergilii
661 3437 808 3522 exemplu
829 3438 1039 3521 sequeretur?

276 3539 321 3609 Ae
344 3540 532 3624 priusquam
555 3545 757 3606 transeamus
779 3541 822 3606 ad
845 3560 899 3606 eos
921 3539 1017 3618 locos,
1039 3538 1157 3620 quibus
1179 3537 1362 3606 iuvenalem

189 3644 224 3712 in
245 3640 378 3725 Vergilii
400 3642 543 3724 uestigiis
564 3643 711 3708 insistere
734 3639 1040 3718 demonstrabimus,
1074 3640 1109 3704 id
1134 3641 1274 3725 primum
1295 3662 1363 3708 mo-

190 3763 323 3810 neamus
352 3745 416 3808 duo
446 3763 566 3824 genera
598 3742 748 3810 imitendi
778 3765 847 3810 esse
881 3742 1119 3826 distinguenda.
1170 3743 1248 3809 Aliis
1278 3745 1362 3809 enim

190 3847 268 3912 loeis
303 3867 379 3912 oesn
415 3845 555 3927 quodem
589 3845 706 3911 duetus
735 3844 893 3911 luvenalis
921 3842 1095 3928 Vergilium
1126 3845 1270 3910 imitatus
1304 3851 1361 3924 est,

191 3948 256 4014 sive
278 3967 314 4012 ne
335 3947 408 4030 ipsu
428 3947 494 4013 sive
515 3946 619 4014 forme
640 3967 750 4013 versus
772 3948 838 4013 siue
859 3965 919 4013 sne
939 3967 1089 4012 semunm
1105 3945 1362 4026 Vergilienorum

191 4049 346 4115 memorie
377 4047 420 4115 ed
456 4047 646 4116 imitandum
678 4047 919 4134 pelliciebutnr,
957 4048 1029 4115 eliis
1065 4047 1105 4112 de
1137 4045 1299 4114 industrie
1329 4055 1363 4115 et

261 4273 282 4338 8)
300 4224 471 4342 Augustinus
489 4268 523 4325 de
542 4267 655 4326 eivitete
673 4269 719 4326 dei
736 4271 761 4337 l,
782 4269 806 4322 3.
