3054 4846
744 316 783 382 15

171 521 235 584 quo
269 502 404 584 augurio
438 507 629 586 ostentoque
658 502 785 569 Aeneae
817 524 838 569 a
874 503 936 571 diis
969 504 1121 588 portendi
1156 503 1250 582 didit,
1286 502 1342 569 ubi

171 602 284 670 urbem
307 602 434 670 oondat.

255 722 429 801 Iuvenalis,
455 722 553 802 „lieet
574 728 714 791 aetatem
738 729 831 809 quasi
853 725 969 792 baoulo
992 724 1085 802 levet,
1119 729 1217 811 caput
1238 731 1348 792 tamen

170 845 335 908 nunquam
361 826 518 903 demittit,
550 824 607 892 sed
640 829 674 892 in
703 827 843 894 nefarias
873 827 1118 912 superstitiones
1147 828 1261 895 eadem
1281 827 1350 893 ira·

171 926 289 992 oundia
311 926 490 1006 invehitur,
514 949 580 1011 qua
601 930 807 1013 popularium
828 930 1005 1009 luxuriam,
1027 931 1220 1009 uanilatem,
1243 930 1348 994 avari-

170 1029 249 1094 tiam
280 1031 488 1114 notarit“¹⁰).
532 1029 755 1099 Seuerissimus
784 1034 868 1098 enim
896 1032 949 1098 iIIe
979 1036 1091 1116 polita,
1121 1051 1217 1114 quem
1239 1030 1349 1096 multIs

171 1129 250 1196 loeis
272 1131 321 1196 vel
342 1151 394 1197 res
416 1132 540 1198 divinas
563 1133 699 1199 irridere
720 1135 1005 1201 animadvertimus
1027 1134 1172 1216 taliaque
1195 1138 1348 1217 portenta

171 1233 373 1300 naturalibus
396 1235 502 1319 positu
523 1255 592 1302 esse
614 1236 648 1301 in
678 1237 783 1302 oensis
810 1236 971 1316 iudieare,
1002 1237 1143 1302 ominum
1173 1238 1347 1302 uanitatem

171 1355 235 1399 non
257 1336 369 1418 ignoro
392 1339 471 1419 quin
495 1339 706 1422 perspexerit.
751 1337 819 1404 Neo
841 1340 966 1404 mirum.
1012 1337 1092 1404 Cum
1122 1342 1225 1403 totam
1247 1337 1348 1403 hone·

171 1442 289 1503 statem
321 1443 353 1503 et
387 1438 584 1521 probitatem
614 1460 632 1504 e
662 1439 781 1505 mundo
810 1461 879 1507 esse
907 1439 1069 1507 sublatam
1098 1460 1274 1522 omnesque
1296 1459 1348 1504 res

169 1538 330 1605 humanas
359 1540 401 1605 ad
432 1540 519 1606 mala
547 1542 707 1627 prinoipia
742 1562 921 1626 causasque
949 1548 1118 1627 corruptas
1148 1541 1348 1607 redueendas

172 1647 319 1724 putaret,
349 1641 391 1706 ab
411 1644 507 1707 omni
535 1645 659 1727 pIetate
679 1650 713 1709 et
733 1644 904 1727 religione,
936 1665 1033 1728 quam
1054 1646 1088 1709 in
1111 1642 1251 1727 VergiIIo
1274 1663 1348 1727 per-

171 1763 321 1826 magnam
351 1763 419 1809 esse
447 1745 618 1824 miramur,
649 1746 745 1831 plane
768 1768 803 1814 se
824 1747 997 1813 abdicavit.
1040 1748 1148 1830 Atque
1170 1745 1258 1810 haud
1281 1744 1348 1810 seio

172 1865 213 1910 an
236 1851 295 1911 sat
311 1844 397 1923 XIII,
420 1848 452 1910 in
475 1868 541 1929 qua
563 1848 652 1913 varia
674 1850 782 1914 omina
803 1855 838 1914 et
852 1849 1009 1917 miracula
1031 1854 1207 1927 enumeret,
1230 1847 1347 1930 quibus

172 1945 333 2022 difficilius
364 1967 440 2015 vera
470 1949 555 2016 inter
589 1949 733 2020 homines
766 1951 912 2035 probitas
944 1953 1142 2032 inveniatur,
1174 1950 1347 2036 praecipue

170 2070 197 2112 r.
220 2048 271 2125 68,
295 2050 350 2116 69:

322 2152 525 2239 Enumenque
548 2154 658 2238 opium
681 2154 780 2239 longa
802 2156 973 2221 contuderit
994 2178 1057 2224 uva

321 2253 465 2319 Cadmiae
486 2250 625 2320 delubri.

171 2354 318 2420 alluserit
340 2357 382 2422 ad
404 2356 510 2423 Ionum
531 2357 623 2423 illum
647 2357 875 2444 Vergilianum.

257 2474 400 2540 Eandem
424 2476 464 2543 de
485 2479 628 2545 vanitate
650 2480 735 2546 vitae
757 2479 917 2546 humanae
939 2482 1166 2565 cogitationem
1188 2480 1346 2547 InvenaIIs

174 2582 236 2641 sat.
258 2575 335 2642 XIII
359 2601 385 2644 u.
404 2579 479 2644 142:

324 2679 484 2747 Neardea
500 2681 586 2766 pulli

172 2784 366 2945 pertpaetat,
401 2804 465 2867 quo
494 2783 564 2850 loeo
593 2784 830 2851 hemistichium
854 2785 935 2852 illud
959 2785 1176 2870 Vergilianum
1200 2787 1278 2853 hen.
1300 2788 1346 2853 XI

172 2903 200 2946 v.
224 2882 244 2947 3
266 2883 304 2949 2:

324 2985 390 3051 Nos
412 2989 537 3053 animae
558 2990 632 3054 uda

171 3085 299 3152 videtur
319 3087 492 3158 effinxisse.

256 3205 364 3291 Atque
385 3209 439 3275 illo
462 3209 595 3295 Vergilii
616 3212 705 3291 looo,
735 3235 799 3297 quo
828 3214 868 3281 de
896 3221 1094 3282 mortuorum
1116 3216 1232 3282 animis
1254 3227 1344 3280 men-

171 3305 290 3372 tionem
326 3308 418 3389 faeit,
455 3333 603 3393 moneor,
640 3322 677 3381 ut
709 3317 806 3382 aliam
842 3319 1054 3384 imitationem
1088 3316 1223 3385 afferam
1257 3317 1342 3383 illius

171 3411 347 3493 exemplari
369 3412 601 3500 depromptam.

256 3529 416 3615 Vergilius
439 3536 523 3599 enim
544 3536 577 3599 in
598 3536 681 3602 libro
704 3538 757 3616 VI,
781 3561 845 3622 quo
867 3540 1043 3606 inferorum
1065 3537 1226 3605 domioilia
1247 3558 1342 3622 prae·

171 3630 346 3700 clarissime
367 3635 559 3715 illustrarit,
590 3638 684 3704 deam
707 3639 945 3712 Rhadamanthi
975 3663 1090 3709 munus
1112 3641 1261 3708 iudiciale
1284 3641 1342 3706 de-

171 3734 355 3818 pingentem
377 3736 456 3804 faeit
477 3761 504 3804 v.
526 3739 604 3804 567:

683 3843 950 3912 Rhadamanthus

322 3940 530 4026 Castigatque
552 3943 710 4029 auditque
733 3947 823 4013 dolos
844 3947 1015 4034 subipitque
1035 3949 1145 4030 fateri.

255 4057 358 4136 Quam
381 4061 628 4149 desoriptmnem
649 4065 807 4134 Iuvenalis
834 4071 902 4134 sine
924 4069 1022 4136 dubio
1045 4069 1198 4136 memoria
1219 4070 1339 4134 retine-

239 4293 271 4360 1⁰)
290 4293 318 4349 0.
337 4293 382 4348 Fr.
402 4293 574 4351 Hermaunua
592 4301 620 4353 in
640 4301 682 4355 ed.
702 4300 823 4356 Iuvenal.
842 4319 869 4370 p.
888 4300 913 4354 X
