3054 4846
733 301 772 368 14

170 490 333 558 effinxerit
354 493 398 558 ad
418 492 638 577 Vergilianum
662 489 847 574 exemplum
868 490 900 553 in
922 486 1001 552 Aen.
1023 485 1053 552 Π
1076 509 1104 552 v.
1117 485 1198 553 5552

323 593 452 659 Troiam
477 595 639 660 incensam
664 597 698 658 ct
714 591 868 676 prolapso
890 589 1042 654 videntem

280 763 285 768 .
318 697 482 781 Pergama.

252 799 360 881 Atque
381 799 414 862 in
435 797 549 864 eadem
571 798 683 874 satira,
707 818 778 861 cunr
800 795 955 862 scriberet
976 816 1003 859 ι.
1025 794 1105 859 567:

319 901 409 966 Tunc
430 899 519 965 miles
543 901 695 963 tremulus
715 899 821 983 posita
842 897 914 962 tulit
934 915 1026 962 armo
1049 897 1135 961 tioro

169 1003 321 1070 memoria
353 1004 422 1069 sine
460 1001 558 1068 dubio
596 999 784 1066 continebat
821 998 911 1064 illum
948 998 1166 1084 Vergilianum
1199 998 1277 1066 Aen.
1310 997 1342 1062 ΙΙ

167 1125 196 1172 ι.
219 1105 292 1187 509,
315 1106 393 1172 510:

318 1207 423 1274 Arma
444 1207 500 1272 diu
522 1206 629 1272 senior
651 1205 784 1270 desuem
805 1202 1006 1268 trementibus
1025 1223 1106 1270 aera

325 1310 509 1374 Circumstat
531 1309 728 1392 nequiquam
749 1306 900 1372 humeris.
1002 1379 1004 1386 y

253 1412 300 1476 Ac
318 1410 479 1478 Iuvenalis
501 1417 630 1477 tantum
652 1408 744 1476 abest
765 1414 802 1472 ιιι
825 1409 857 1472 in
881 1407 1084 1492 depingenda
1096 1407 1216 1474 Priami
1238 1420 1342 1474 morte

168 1514 310 1597 singulos
341 1520 468 1580 tentum
491 1512 625 1595 Vergilii
654 1531 763 1577 uersus
790 1510 934 1574 imitatus
962 1509 1023 1587 sit,
1056 1516 1095 1574 ut
1123 1515 1224 1576 totam
1253 1510 1341 1576 illius

169 1615 418 1699 descriptionem
447 1617 481 1681 in
503 1620 565 1680 sat.
587 1614 634 1693 X,
667 1614 699 1678 in
727 1633 792 1696 qua
813 1611 927 1676 Troiae
949 1612 1131 1678 incendium
1155 1613 1340 1696 Priamique

169 1723 304 1784 mortem
326 1723 466 1796 enarret,
488 1722 563 1784 ante
586 1715 695 1782 oculos
717 1713 878 1780 habuerit.

254 1818 395 1886 lamuel
423 1820 564 1904 graviter
591 1817 757 1884 dissuadet
779 1814 941 1882 quenalis
964 1814 1013 1882 vel
1044 1817 1230 1883 acerbitatis
1263 1839 1341 1885 suae

170 1925 256 1989 virus
288 1922 406 1988 evomit
438 1923 471 1987 in
504 1921 650 1986 homines
682 1918 885 2004 castigandos
917 1919 1033 1984 omissa
1061 1920 1225 2000 interdum
1253 1920 1342 1986 inani

170 2027 251 2093 artis
273 2025 504 2107 doctrinaeque
527 2023 715 2109 cupiditate,
737 2042 851 2105 parum
873 2026 999 2086 sectans
1020 2019 1168 2087 inflatum
1187 2023 1342 2088 orationis

171 2149 248 2195 suae
270 2147 380 2211 genus.
424 2125 578 2191 Videmus
600 2126 684 2190 enim
705 2123 889 2190 Iuvenalem
910 2129 969 2188 sat.
992 2123 1032 2200 X,
1054 2125 1087 2188 in
1111 2145 1177 2206 qna
1197 2125 1343 2208 pericula

170 2228 421 2313 pulchritudinis
443 2248 481 2293 ac
502 2226 680 2293 venustatis
701 2246 721 2290 a
742 2226 851 2309 pueris
873 2224 1040 2291 subeunda
1054 2227 1212 2311 copiosius
1227 2228 1342 2294 adum·

171 2330 325 2410 brauerit,
355 2330 442 2416 patri
468 2329 635 2396 cuiusdam
662 2329 755 2411 pueri
783 2325 911 2411 pulchri
938 2327 1054 2394 acerbe
1082 2335 1116 2394 et
1145 2350 1216 2399 cum
1239 2331 1343 2396 ironia

172 2433 339 2500 adhortari
361 2455 390 2499 v.
412 2431 491 2496 310:
697 2503 700 2510 ¹

321 2534 336 2600 l
357 2555 444 2600 nunc
467 2539 499 2599 et
522 2533 644 2596 iuoecis
664 2532 765 2616 specie
787 2531 911 2597 laetare
933 2533 989 2598 tui.

173 2637 242 2716 Quo
270 2637 304 2702 in
336 2657 429 2703 uersu
451 2635 585 2720 Vergilii
613 2635 748 2718 vestigia
777 2635 929 2718 pressisse
957 2634 1093 2700 videtur.
1138 2637 1200 2715 Qui
1221 2637 1287 2702 Ecl.
1311 2636 1341 2701 Il

173 2740 213 2806 dc
234 2759 335 2823 puero
357 2739 498 2822 quodam
520 2735 613 2802 Alexi
640 2755 758 2819 magna
783 2735 1025 2819 pulchritudine
1047 2739 1163 2822 insigni
1186 2740 1340 2822 disputat,

173 2842 264 2907 cuius
293 2861 401 2906 amore
425 2839 573 2924 Corydon
601 2843 715 2922 pastor
735 2840 883 2903 incensus
911 2846 970 2903 est.
1015 2839 1123 2907 Alexis
1145 2846 1254 2908 autam
1276 2862 1340 2907 non

173 2943 285 3008 eadem
318 2941 452 3007 libidine
485 2939 702 3006 inflammatus
731 2940 870 3023 pastoris
899 2961 1039 3016 amorem
1069 2940 1263 3026 flagitiosum
1292 2965 1342 3010 re·

172 3046 273 3130 spuit,
314 3064 414 3128 quare
452 3042 600 3127 Corydon
645 3041 701 3108 ille
736 3063 853 3124 magne
891 3043 1071 3110 acerbitate
1107 3045 1343 3112 adolescentem

171 3147 319 3232 increpat
339 3168 367 3212 v.
393 3147 447 3211 ll:

325 3247 351 3314 Ο
374 3246 535 3313 formcuse
553 3265 645 3330 puer,
668 3249 801 3313 nimium
824 3267 864 3313 ne
887 3248 982 3313 crede
1005 3249 1109 3312 colori.

258 3347 450 3435 Superstitio
472 3369 575 3433 paene
597 3349 691 3414 anilis
718 3350 793 3415 inde
823 3350 864 3415 ab
893 3351 1121 3434 antiquissimis
1144 3351 1341 3434 temporibus

173 3472 349 3537 permagna
370 3457 441 3516 erat
462 3450 549 3535 apud
573 3451 732 3518 Romanos
785 3452 892 3516 Etiam
921 3473 984 3534 quo
1013 3460 1157 3536 tempore
1181 3453 1214 3517 di
1238 3454 1343 3537 coepti

174 3561 282 3620 essent
314 3553 440 3636 neglegi
474 3574 546 3618 cum
578 3553 732 3636 religione
764 3554 876 3638 populi
912 3561 982 3619 arte
1011 3557 1181 3620 coniuncta
1212 3562 1282 3621 crat
1309 3562 1343 3620 et

173 3658 281 3721 omina
302 3657 366 3721 sive
388 3654 505 3720 dextra
527 3657 591 3721 sive
614 3658 744 3722 sinistra
766 3656 901 3721 multum
922 3656 1074 3721 valebant
1095 3657 1137 3721 ad
1159 3677 1209 3722 res
1228 3656 1342 3722 huma-

172 3779 239 3826 nas.
282 3757 440 3822 Nimirum
462 3779 482 3824 a
504 3762 607 3842 podtis
628 3759 722 3824 ualde
745 3758 852 3824 efficta
879 3761 983 3824 estin
1006 3759 1217 3832 carminibus„
1251 3759 1341 3838 Quod

173 3861 207 3925 in
228 3859 360 3942 Vergilii
383 3857 474 3924 libris
497 3861 668 3944 probatum
691 3862 990 3939 animadvertimus,
1021 3863 1048 3926 si
1071 3861 1146 3927 Aen.
1168 3859 1226 3926 VH
1248 3882 1275 3926 v.
1291 3861 1342 3940 64,

175 3965 226 4042 66,
248 3962 288 4026 67
312 3960 498 4028 afferamus:

324 4063 427 4128 Huius
450 4084 525 4149 opos
548 4085 703 4130 summum
728 4064 889 4146 (mirabile
911 4066 1016 4149 dictu)

327 4164 474 4230 Obsidere
495 4167 615 4251 apicem

323 4265 465 4332 Ecomcc
488 4269 628 4334 subitum
651 4289 724 4333 raro
746 4267 916 4334 frondente
939 4269 1095 4352 pependit
