3054 4846
723 240 764 306 38

158 425 360 508 scripserint,
390 447 459 492 esse
481 424 661 510 principem
681 423 921 492 acerbissimum
945 423 1039 500 dicit,
1073 443 1169 504 saepe
1191 420 1332 487 maxima

157 525 316 596 derisione
337 534 373 594 et
392 527 499 594 ironia
519 529 622 594 utitur
643 545 750 608 neque
771 525 902 592 dubitat
924 527 956 592 iu
979 525 1122 592 divinum
1144 523 1231 588 illum
1251 521 1330 590 Ver·

156 628 268 711 gilium
298 628 521 696 acerbissimas
550 628 760 695 cavillationis
793 628 929 710 sagittas
960 627 1114 696 conicere.
1162 627 1214 696 Ad
1241 628 1332 709 qnod

156 749 230 799 eum
248 721 427 801 adductum
448 751 520 797 esse
541 730 615 808 iude
636 735 783 813 apparet,
807 731 884 810 qsia
899 728 1030 812 Vergilii
1044 727 1151 796 torma
1167 728 1333 794 scribendi

157 831 400 922 diligentissime
422 831 572 917 expolita,
596 831 717 897 mnltee
741 833 894 898 materiae
909 838 1009 914 atque
1023 831 1205 914 argumenti
1220 837 1333 914 partes

157 955 215 1001 eae
251 941 361 1009 erant,
402 955 487 1017 quae
522 933 646 1002 scilicet
678 934 762 999 mire
797 953 872 998 eum
907 940 979 1000 erte
1014 933 1139 1000 ιιιιοιιιο
1177 935 1333 1002 materiae

157 1035 416 1124 accommodatae
439 1035 572 1104 ludendi
595 1054 724 1102 musam
746 1032 950 1116 praeberent
987 1034 1103 1118 ltaque
1117 1035 1216 1102 verba
1229 1057 1333 1153 quae·

157 1115 232 1205 dam
263 1137 554 1219 magnificentiora,
582 1136 779 1204 elocutiones
808 1137 991 1217 graviores,
1023 1138 1179 1220 exempla
1192 1139 1333 1220 exquisi-

158 1239 256 1315 tiora,
289 1237 445 1322 imagines
475 1241 555 1307 miro
583 1259 681 1323 saepe
712 1239 817 1308 colore
849 1238 1038 1321 depictae
1027 1261 1060 1306 ιιι
1088 1259 1179 1306 suam
1200 1261 1271 1306 rem
1293 1259 1331 1308 eo

158 1339 289 1409 consilio
323 1341 495 1418 convertit,
530 1347 568 1404 nt
600 1361 672 1408 oum
701 1341 841 1424 propriis
876 1348 1027 1406 accurrate
1061 1341 1332 1425 coniungerentur

159 1441 298 1524 indeque
319 1442 458 1508 ridicula
480 1448 514 1508 et
537 1443 848 1512 iocosa-evaderent.

242 1543 390 1613 Ceterum
423 1543 587 1612 inclinatio
620 1549 670 1609 eat
703 1544 867 1611 hominum
897 1545 1034 1612 fortuite
1065 1565 1124 1629 per
1158 1544 1263 1612 lusum
1298 1553 1332 1616 et

158 1647 261 1714 iocum
276 1666 369 1714 noces
392 1665 505 1727 graves
519 1645 731 1733 omnibusque
747 1653 840 1714 notas
859 1646 1028 1714 clarissimi
1046 1647 1200 1730 cuiusque
1215 1653 1332 1732 poetae

159 1750 190 1815 iu
212 1747 403 1830 quotidiana
425 1747 553 1812 dicendi
574 1749 700 1816 ratione
723 1767 898 1832 usurpare,
928 1749 972 1814 ad
1002 1769 1099 1832 quam
1127 1758 1331 1828 „sermones“

157 1856 194 1914 ut
216 1847 423 1932 appellantur
438 1847 607 1920 Horatiaui
629 1852 694 1922 stre
717 1851 836 1917 satirae
859 1851 1049 1918 referendae
1065 1858 1148 1918 suut.
1186 1851 1332 1917 Plerum-

157 1970 221 2036 que
251 1951 376 2016 iocandi
408 1952 567 2028 rationem
604 1952 813 2036 lepidumque
848 1953 1005 2018 sermonis
1041 1952 1179 2019 colorem
1216 1961 1332 2036 poetae

157 2060 408 2136 persequuntur,
441 2074 512 2120 cum
543 2075 626 2136 optus
653 2073 717 2120 non
747 2055 804 2131 sit,
838 2060 876 2120 ut
896 2053 1208 2136 omnibusparodiis
1228 2057 1332 2139 scrip-

157 2161 256 2230 tores,
278 2154 322 2219 ad
344 2175 425 2237 quos
447 2162 604 2238 spectent,
627 2154 847 2220 derideantur.

241 2255 349 2337 Atque
372 2263 408 2320 ut
430 2263 592 2325 nauseam
615 2257 657 2322 ad
685 2256 895 2338 parodiarnm
924 2255 1173 2338 explicationem
1192 2257 1332 2324 ‘luvena-

158 2356 316 2421 lianarum
338 2357 476 2440 primum
500 2357 629 2439 quidem
654 2377 873 2441 comparemus
895 2363 954 2422 sat.
979 2358 1009 2422 ll
1031 2381 1058 2422 ι.
1075 2361 1130 2424 99ι

308 2459 471 2541 speculum
495 2457 618 2541 pathici
637 2465 792 2543 pertemere
815 2458 950 2524 Othonis

157 2565 191 2625 et
213 2559 306 2643 Vorg.
332 2563 408 2626 Aen.
432 2561 478 2626 111
500 2583 526 2626 v.
540 2561 620 2626 286:

308 2663 445 2746 clipeum
468 2665 576 2747 magni
595 2670 754 2746 pestorano
778 2661 921 2729 Abantis.

158 2785 250 2830 voces
272 2766 503 2848 respondentes
527 2764 709 2848 applicatae
731 2771 807 2830 sunt
836 2765 879 2831 ad
903 2765 1139 2832 substantivum
1163 2761 1332 2851 utriusque

157 2871 273 2950 politae
296 2869 461 2955 proprium
477 2873 694 2950 ‚,gestamen“,
718 2867 804 2932 unde
826 2867 961 2949 perodio
983 2867 1242 2950 splendidissima
1257 2893 1331 2939 eva·

159 2969 215 3034 dit.
259 2968 421 3034 Dictiones
445 2970 529 3034 enim
551 2969 749 3050 magnifices,
769 2971 888 3050 quibus
913 2968 1070 3051 Vergilius
1091 2974 1330 3039 armaAbantis

157 3070 264 3136 herois
286 3071 459 3154 dessignat,
483 3092 577 3153 quem
600 3073 724 3136 deneas
746 3091 855 3155 pugna
876 3071 965 3153 apud
987 3071 1115 3136 Troiam
1132 3073 1225 3138 'facta
1247 3076 1332 3138 ccci·

159 3194 229 3238 sum
262 3172 425 3255 spoliarit,
457 3193 477 3236 a
503 3173 678 3238 satirarum
701 3175 860 3254 scriptore
890 3173 932 3238 ad
966 3193 1016 3238 res
1046 3169 1189 3240 ludicras
1223 3184 1331 3241 trane-

160 3274 323 3352 leruntur‚
361 3275 402 3339 ad
433 3265 606 3358 'speculum
643 3273 729 3337 illud
760 3272 1070 3356 splendidissimum,
1109 3277 1196 3363 quod
1234 3277 1329 3356 Otho,

159 3371 252 3440 homo
284 3377 418 3440 inaxime
444 3374 642 3450 luxuriosus,
676 3375 709 3438 in
741 3376 870 3451 itinere,
905 3396 1011 3454 secum
1034 3370 1195 3460 portabat.
1242 3380 1330 3456 Quae

159 3477 295 3564 perodio
317 3498 338 3542 a
358 3477 507 3544 Iuvenale
530 3479 745 3554 continuatur,
769 3498 840 3542 cnm
863 3484 920 3541 sat.
944 3477 974 3540 II
997 3500 1022 3544 ι.
1041 3480 1116 3544 10οι

310 3580 408 3643 Actor
409 3599 436 3642 rs
457 3579 607 3642 Aurunci
627 3578 762 3661 sportam
811 3611 814 3616 ·

160 3677 303 3764 appellet
339 3681 502 3763 speculum
536 3679 632 3756 illud,
669 3680 807 3744 irridens
844 3678 1107 3762 Vergilianum
1095 3701 1130 3744 nn
1163 3682 1241 3792 hen.
1271 3681 1330 3746 ΧΠ

161 3805 188 3847 ι.
211 3783 262 3859 94,
285 3782 340 3847 95:
436 3815 438 3822 ι

777 3881 903 3947 hastam

311 3985 437 4048 Actoris
459 3983 608 4046 Aurnrrei
626 3981 768 4068 spolium.

246 4085 325 4151 Cum
353 4085 460 4153 lacet''
425 4094 479 4153 tue
508 4090 541 4150 et
527 4083 772 4158 travillatione
804 4085 862 4150 has
895 4105 1002 4162 voces,
1037 4090 1130 4168 quasi
1149 4045 1328 4172 speculum

161 4193 268 4252 essent
289 4185 392 4268 spolia
412 4187 528 4267 opima,
558 4185 756 4268 deprompsit
742 4185 935 4251 tluvenalis
963 4201 1065 4270 eaque
1087 4191 1211 4256 ratione
1233 4211 1329 4274 par-o
