3054 4846
785 266 826 330 32
1496 187 1499 294 l

222 459 294 520 erat
323 453 541 518 demonstrare
570 472 609 516 ea
635 452 668 514 in
691 471 726 517 re
749 450 969 515 diversitatem
991 469 1057 514 nou
1078 469 1148 514 esse
1170 449 1255 515 inter
1277 450 1401 534 Vergi-
1496 351 1499 489 ⁴

222 556 299 620 lium
327 560 361 620 et
382 554 564 620 Iuvenalem
591 553 731 635 indeque
761 552 855 616 huius
886 551 1097 616 imitationem
1120 573 1183 616 nou
1206 552 1301 618 facila
1324 575 1400 619 esse
1496 549 1499 690 1

220 657 424 724 reiciendum.

306 760 412 842 Atque
435 758 532 823 etiam
554 756 617 822 hoc
638 758 728 821 mibi⁴
744 756 925 840 exemplum
955 757 1143 822 imitationis
1165 756 1399 822 luvenalis-nae

222 862 351 928 videtur
374 882 454 928 esse.
497 859 534 924 ln
556 865 615 925 sat.
637 858 668 923 Il
690 881 716 924 r.
731 858 783 937 40,
805 861 861 923 41:

707 960 763 1025 sed
784 966 888 1024 tamen
911 962 997 1026 unde

371 1065 459 1130 Haec
481 1063 560 1128 emis

221 1188 314 1234 voces
336 1167 414 1246 „sed
436 1172 565 1232 tamen“
587 1171 764 1248 usurpatae
779 1171 863 1242 sunt,
887 1185 971 1248 quae
995 1175 1044 1232 est
1067 1167 1293 1250 conduplicata
1315 1188 1398 1231 con-

222 1271 354 1338 iunctio.
399 1269 489 1334 Idem
510 1269 688 1335 invenimus
709 1270 742 1332 in
765 1267 860 1351 Verg.
883 1268 950 1332 Ecl.
973 1269 989 1334 1
1011 1292 1037 1335 r.
1056 1269 1109 1334 18:
1497 1257 1498 1262 ἵ

372 1371 434 1435 Sed
455 1377 559 1436 tcrucu
579 1371 641 1435 iste
663 1370 742 1436 deus
764 1372 820 1453 qui
840 1371 883 1435 sit
905 1371 957 1450 da,
980 1370 1098 1454 Tityre,
1120 1372 1223 1437 nobis.

308 1492 425 1557 Mirum
455 1499 505 1556 est
534 1497 706 1574 utrumque
735 1494 864 1573 poetam
895 1490 1015 1574 duplici
1047 1491 1271 1556 coniunctione
1300 1512 1396 1556 usum

223 1617 291 1661 esse
313 1597 346 1660 in
368 1596 629 1678 interrogatione,
652 1593 834 1659 Iuvenalem
856 1593 888 1655 in
913 1593 1046 1670 directa,
1069 1593 1244 1676 Vergilium
1259 1595 1293 1658 in
1309 1596 1396 1658 indi-

223 1704 326 1776 recta,
357 1699 443 1780 quod
474 1697 605 1781 quidem
627 1696 714 1780 apud
738 1695 939 1772 Ciceronem,
972 1697 1028 1776 qui
1051 1695 1131 1760 duas
1154 1697 1395 1762 coniunctiones
1498 1745 1499 1752 κ

222 1801 397 1866 identidem
422 1819 558 1866 conexas
581 1798 761 1881 usurparit,
795 1797 931 1862 inveniri
955 1797 1046 1880 vulgo
1068 1799 1153 1864 inter
1176 1803 1258 1865 viros
1281 1801 1395 1865 doctos

224 1923 287 1967 non
311 1907 447 1968 constat.

309 2020 373 2086 Sed
408 2026 516 2086 tamen
551 2021 640 2086 nulla
671 2025 779 2085 exstat
814 2039 926 2095 causa,
964 2041 1021 2085 cur
1056 2022 1225 2086 satirarum
1256 2023 1395 2104 scriptor

224 2124 314 2189 illam
336 2123 470 2207 Vergilii
490 2124 654 2190 licentiam
677 2129 806 2188 secutus
828 2144 892 2188 uon
914 2123 957 2186 sit
979 2124 1179 2188 statuendus.

307 2243 415 2326 Atque
446 2244 508 2309 hae
537 2244 667 2325 quidem
697 2243 926 2326 grammaticae
955 2262 1006 2307 res
1029 2242 1169 2326 Vergilio
1196 2251 1229 2308 et
1250 2243 1395 2309 quenali

225 2366 426 2424 communes,
461 2346 539 2411 licet
571 2347 658 2427 apud
692 2346 772 2410 alios
805 2349 918 2429 poetas
948 2347 1140 2427 posteriores
1170 2366 1233 2409 uon
1261 2367 1394 2429 prorsus

225 2467 290 2513 uon
313 2449 527 2525 inveniantur,
551 2455 658 2512 tamen
681 2454 748 2513 tam
768 2449 920 2531 propriae
943 2449 1110 2529 utriusque
1133 2451 1248 2529 politae
1263 2455 1393 2530 tamque

224 2569 318 2616 rarae
340 2555 430 2626 sunt,
459 2556 497 2614 ut
525 2551 559 2614 in
588 2569 699 2615 earum
725 2571 785 2615 usu
808 2551 980 2616 satirarum
1002 2551 1151 2633 scriptori
1173 2550 1255 2632 epici
1277 2553 1392 2633 po'e'tae

225 2652 409 2735 exemplum
431 2652 633 2717 obversatum
656 2673 724 2717 esso
746 2652 912 2735 probabile
935 2652 985 2716 sit.

310 2769 378 2835 Iam
399 2791 473 2835 vero
496 2771 694 2852 inquiramus
724 2771 884 2853 quomodo
905 2770 1064 2836 Iuvenalis
1093 2772 1188 2835 metri
1211 2773 1350 2834 rationes
1372 2791 1393 2834 a

225 2871 366 2954 Vergilio
401 2873 575 2956 praecipue
606 2878 778 2956 usurpatas
809 2873 952 2937 imitatus
986 2875 1028 2938 sit
1060 2894 1216 2960 quaeque!
1234 2873 1268 2956 iu
1297 2872 1392 2936 rebus

225 2975 422 3058 prosodiacis
443 2974 519 3040 huic
538 2975 664 3040 debeat.

310 3091 546 3176 Saepenumero
581 3095 665 3160 iuter
701 3099 894 3180 scriptorum
927 3097 1133 3178 antiquorum
1170 3097 1392 3161 emendatores

225 3195 364 3273 luerunt,
389 3197 445 3278 qui
467 3217 576 3262 versus
599 3200 818 3265 emendandos
839 3199 1120 3264 accommodarent
1142 3199 1267 3262 adrem
1283 3197 1392 3262 metri-

225 3317 304 3371 cam,
329 3299 479 3379 quoniam
501 3300 640 3366 licentiis
662 3301 854 3384 quibusdam
877 3302 919 3366 ad
941 3302 1035 3366 metri
1062 3303 1220 3366 rationem
1242 3305 1391 3383 spectan-

224 3400 311 3464 tibus
332 3406 448 3482 poetae
470 3401 637 3484 indulgere
658 3405 787 3467 omnino
810 3424 873 3466 non
897 3402 1061 3468 deberent.

309 3518 538 3585 Verumtamen
572 3524 744 3606 praecipue
774 3526 903 3606 poetae,
940 3525 995 3604 qui
1027 3525 1130 3606 primo
1161 3529 1297 3586 exeunte
1318 3525 1390 3603 post

226 3620 387 3686 Christum
409 3628 520 3687 nutum
543 3625 671 3689 saeculo
693 3633 803 3704 erant,
833 3646 896 3689 non
925 3631 1052 3690 tantum
1074 3646 1190 3708 operae
1213 3626 1388 3688 iuratione

225 3723 359 3788 metrica
387 3723 587 3790 observanda
616 3727 853 3793 collocaverunt
881 3728 1093 3809 licentiusque
1121 3727 1181 3791 sibi
1210 3725 1389 3789 vindicare-

224 3831 315 3902 runt‚
350 3845 433 3906 quae
462 3834 559 3892 antea
586 3836 681 3894 notae
710 3852 773 3895 uon
795 3837 898 3895 eraut.
943 3830 1043 3906 Quum
1067 3827 1197 3892 obrem
1219 3829 1252 3890 in
1275 3826 1388 3891 talibus

224 3925 477 4008 interpretandis
504 3932 730 4013 scriptoribus,
765 3954 828 4014 quo
856 3934 890 3996 in
916 3951 1048 3995 numero
1075 3929 1248 4006 luvenalis,
1283 3949 1387 3993 omrres

224 4027 296 4104 loci,
320 4031 375 4108 qui
398 4030 520 4112 vulgari
544 4036 637 4098 metri
660 4037 783 4099 ratione
807 4056 871 4099 non
893 4040 1071 4114 congruant
1092 4039 1219 4097 tantum
1241 4031 1333 4094 abest
1353 4035 1388 4094 ut

225 4131 290 4194 sint
317 4133 524 4212 emendandi,
559 4143 594 4200 ut
622 4137 828 4202 statuendum
858 4138 915 4212 sit,
951 4143 1062 4218 poetas
1092 4156 1113 4199 a
1134 4134 1258 4216 legibus
1289 4133 1327 4196 de
1354 4153 1387 4198 re

225 4235 359 4299 metrica
380 4237 553 4318 propositis
574 4240 759 4322 saepissime
781 4239 967 4304 declinasse.
