3054 4846
779 301 821 368 28

368 491 595 557 Lucretianum
618 487 698 552 illud
718 485 870 554 reddens:

371 592 603 673 cretatumque
625 589 738 655 bovem
761 591 835 655 duci
858 590 900 655 ad
923 589 1083 674 Capitolia
1105 610 1233 672 magna.

305 696 373 761 lam
407 714 482 760 vero
518 693 574 758 alii
610 691 704 757 multi
737 692 856 758 docent
889 691 952 758 loci
982 691 1167 758 Iuvenalem
1198 693 1233 758 in
1263 692 1404 776 Vergilii

219 799 350 883 scriptis
372 797 517 862 studiose
538 817 577 860 ac
598 795 735 860 multum
756 794 934 860 volutatum
957 816 997 860 ex
1019 794 1075 860 illo
1098 801 1230 861 auctore
1245 795 1403 878 pendere,
1492 811 1493 820 ¹

221 900 293 966 Huc
326 897 511 965 refereedae
548 902 625 963 suut
660 917 718 962 eae
752 897 881 963 dicendi
913 897 1071 975 rationes,
1107 897 1225 981 quibus
1258 903 1403 979 uterque

220 1007 319 1088 poeta
341 1001 476 1068 eandem
497 998 670 1083 imaginem
693 1000 874 1083 exprimere
896 999 1040 1066 voluerit.
1073 999 1145 1078 Qua
1166 1001 1199 1064 iu
1222 1019 1258 1064 re
1280 999 1402 1065 distin-

219 1126 320 1188 guere
349 1123 518 1188 possumus
545 1104 632 1168 inter
658 1121 713 1167 eus
734 1101 932 1168 imitationes
953 1101 1192 1180 inveniebamus,
1222 1102 1402 1184 inquibus

220 1209 394 1290 imaginum
417 1204 593 1270 similitudo
616 1223 734 1286 magne
762 1222 802 1268 ex
829 1210 925 1288 parte
946 1204 996 1270 vel
1024 1204 1141 1270 iisdem
1161 1205 1211 1269 vel
1239 1204 1401 1272 similibus

220 1309 403 1392 significata
432 1308 475 1372 sit
500 1306 631 1372 vocibus
661 1326 781 1388 easque
808 1307 911 1385 inter,
925 1371 931 1380 ,
946 1327 1027 1388 quas
1055 1306 1161 1374 elucet
1192 1328 1233 1372 ex
1256 1306 1400 1391 Vergilio

218 1432 318 1496 prope
340 1417 425 1475 totas
450 1429 517 1473 esse
540 1407 677 1474 effictas.

306 1512 398 1590 Quod
427 1513 454 1578 si
485 1512 636 1596 deinceps
664 1513 837 1577 satirarum
864 1511 964 1576 libros
993 1518 1234 1593 persei-utamur
1255 1513 1398 1596 primum

220 1615 351 1697 quidem
372 1613 548 1695 imaginum
570 1614 746 1680 similitudo
770 1614 862 1679 uobis
884 1613 990 1678 satll
1013 1637 1039 1679 v.
1058 1616 1223 1682 149-152
1247 1623 1397 1699 apparet,

221 1737 286 1798 quo
308 1715 379 1781 loco
403 1735 423 1780 a
444 1716 595 1782 Iuvenale
624 1716 786 1800 copiosius
815 1715 1002 1799 depingitur
1028 1717 1099 1794 ‚nia
1120 1716 1281 1796 Tartarei,
1311 1739 1398 1801 quae

220 1818 285 1884 fert
307 1817 500 1885 Acherontis
520 1819 562 1884 ad
585 1819 728 1884 undes‘:

368 1919 446 1984 Esse
468 1919 595 2004 aliquos
617 1941 728 1987 manes
749 1925 783 1986 et
805 1919 1017 1986 subterranea
1037 1942 1139 2004 regua

371 2021 412 2086 llt
433 2029 558 2086 contum
579 2029 613 2088 et
635 2022 745 2108 Stygio
767 2043 864 2089 renus
885 2024 919 2088 in
941 2024 1068 2106 gurgite
1091 2024 1200 2106 nigras
1301 2079 1302 2082 ,

371 2123 480 2207 Atque
502 2146 568 2190 uua
589 2127 728 2192 transire
750 2126 868 2190 vadum
890 2131 940 2190 tot
962 2125 1053 2189 milio
1075 2123 1182 2208 cymba

373 2224 440 2290 Neo
462 2229 554 2310 pueri
577 2229 725 2296 credunt.

304 2325 406 2403 Quam
440 2328 689 2414 descriptionem
723 2332 862 2398 evasisse
894 2335 987 2416 patet
1017 2350 1057 2396 ex
1084 2328 1215 2413 Vergilii
1244 2328 1323 2393 Aen.
1351 2328 1396 2393 Vl

218 2449 244 2493 v.
267 2429 331 2494 295
345 2450 405 2512 sq„
427 2434 602 2516 praecipue
624 2456 651 2497 v.
674 2435 748 2511 302,
772 2434 852 2498 3032

366 2532 440 2617 lpse
463 2541 567 2600 ratem
590 2543 678 2600 conto
700 2537 822 2620 subigit
842 2537 984 2618 velisque
1006 2537 1179 2612 ministret,

367 2637 409 2702 Et
431 2638 617 2720 ferruginea
640 2639 810 2706 subvectat
832 2657 965 2722 corporo
989 2636 1105 2721 cymba

301 2739 560 2806 Praeclarissime
595 2741 756 2808 Iuvenalis
792 2742 968 2807 vauiutem
1010 2746 1045 2805 et
1079 2739 1270 2805 brevitatem
1308 2743 1393 2809 vitae

216 2839 375 2908 humanae
398 2843 540 2909 illustrat
561 2849 622 2908 sat.
644 2843 690 2908 IX
713 2866 741 2908 v.
759 2844 943 2910 126-128:

546 2945 681 3010 festinet
703 2946 789 3012 euim
811 2945 979 3009 decurrere
1000 2945 1086 3009 celer

368 3048 536 3114 Flosoulus
558 3055 716 3131 angustae
738 3051 937 3130 miseraeque
960 3046 1142 3112 munimime
1164 3048 1245 3112 vitoe

368 3150 479 3216 Portio

216 3271 281 3330 quo
303 3251 373 3318 loco
395 3254 428 3318 in
451 3255 558 3318 animo
580 3253 732 3319 habuisse
754 3255 882 3319 videtur
904 3253 999 3336 Verg.
1023 3255 1099 3317 Aen.
1121 3252 1152 3316 X
1174 3274 1201 3319 v.
1217 3253 1290 3331 467,
1313 3253 1389 3319 468:

368 3355 440 3420 Stat
461 3375 519 3420 sua
540 3356 657 3437 cuique
680 3356 759 3432 dies,
781 3355 868 3418 broce
890 3361 923 3420 et
944 3347 1155 3438 irreparabile
1177 3360 1299 3439 tempus

368 3456 524 3522 Omnibus
547 3463 596 3522 est
617 3458 707 3520 ritae.

302 3557 452 3642 Magnam
485 3559 727 3625 similitudinem
761 3580 840 3642 pree
874 3580 908 3624 se
938 3559 1046 3624 ierunt
1075 3559 1122 3624 illi
1156 3559 1235 3635 loci,
1273 3560 1386 3643 quibus

215 3663 331 3742 poetae
359 3663 534 3726 senectutis
563 3661 772 3727 difficultates
802 3668 836 3726 et
862 3661 1027 3726 hominum
1050 3667 1084 3725 et
1105 3661 1292 3726 animalium
1314 3662 1386 3728 illu-

216 3768 336 3838 strant,
371 3767 516 3846 quamvis
545 3764 704 3830 Iuvenalis
734 3765 905 3847 imaginem
933 3765 1028 3828 nimis
1056 3762 1199 3829 horridis
1231 3762 1385 3832 coloribus

217 3861 402 3944 depinxerit
424 3866 514 3944 edeo,
538 3873 576 3932 ut
596 3866 683 3932 huno
703 3867 809 3932 locum
830 3867 967 3932 invitum
985 3887 1036 3930 me
1051 3871 1209 3931 tractasse
1224 3867 1383 3933 confitear.

216 3965 444 4048 Comperomus
466 3968 559 4051 Verg.
581 3970 697 4052 Georg.
715 3968 761 4033 IlI
783 3991 810 4034 v.
826 3968 982 4046 95-100,
1011 3967 1065 4033 ubi
1088 3968 1129 4031 de
1152 3987 1235 4049 equo
1257 3968 1382 4034 iamed

215 4074 413 4134 senectutem
434 4077 585 4154 provecto
607 4071 773 4137 scribitur:

368 4171 462 4238 Hunc
490 4194 618 4255 quoquo
646 4174 701 4238 ubi
734 4179 791 4239 aut
819 4173 923 4237 morbo
942 4175 1051 4256 prauis
1079 4177 1138 4238 aut
1165 4175 1227 4238 iam
1259 4177 1382 4256 segnior

1293 4298 1381 4344 sums
